% -*- mode: LaTeX; mode: TeX-PDF; coding: utf-8 -*-

%%%%%%%%%%%%%%%%%%%%%%%%%%%%%%%%%%%%%%%%%%%%%%%%%%%%%%%%%%%%%%%%%%%%%%%%%%%%%%%%%%%%%%%%%%%%%%
%% my papers
%%%%%%%%%%%%%%%%%%%%%%%%%%%%%%%%%%%%%%%%%%%%%%%%%%%%%%%%%%%%%%%%%%%%%%%%%%%%%%%%%%%%%%%%%%%%%%

%%%%%%%%%%%%%%%%%%%%%%%%%%%%%%%%%%%%%%%%%%%%%%%%%%%%%%%%%%%%%%%%%%%%%%%%%%%%%%%%%%%%%%%%%%%%%%
%<<Гидроакустика>>
%%%%%%%%%%%%%%%%%%%%%%%%%%%%%%%%%%%%%%%%%%%%%%%%%%%%%%%%%%%%%%%%%%%%%%%%%%%%%%%%%%%%%%%%%%%%%%

@ARTICLE{my_paper_GA_bf,
  author = {Пуеров, Г. Ю. and Сергеева, Е. И.},
  title = {Применение быстрого преобразования Фурье при формировании
    характеристик направленности линейной антенной решётки},
  journal = {Науч. технич. сб. <<Гидроакустика>>},
  year = 2015,
  number = {24(4)},
  pages = {70-74},
  language = {russian},
  keywords = {own},
}

@ARTICLE{my_paper_GA_comp_sheme,
  author = {Пуеров, Г. Ю. and Сергеева, Е. И.},
  title = {Программное обеспечение обработки гидроакустических сигналов линейной антенны, 
    адаптированное к архитектуре вычислительных средств},
  journal = {Науч. технич. сб. <<Гидроакустика>>},
  year = 2018,
  number = {Вып. 34(2)},
  pages = {62-66},
  language = {russian},
  keywords = {own},
}

@ARTICLE{my_paper_GA_listening,
  author = {Мнацаканян, А. А. and Пуеров, Г. Ю. and Сергеева, Е. И.},
  title = {Обработка сигналов прослушивания режима шумопеленгования
    в низкочастотном диапазоне на сигнальных процессорах},
  journal = {Науч. технич. сб. <<Гидроакустика>>},
  year = 2018,
  number = {Вып. 33 (1)},
  pages = {59-69},
  language = {russian},
  keywords = {own},
}

@ARTICLE{my_paper_GA_bf_Fresnel,
  author = {Пуеров, Г. Ю. and Сергеева, Е. И.},
  title = {Об использовании <<быстрой свертки>> для 
    формирования характеристик направленности линейной антенной решётки при работе в зоне Френеля},
  journal = {Науч. технич. сб. <<Гидроакустика>>},
  year = 2019,
  number = {Вып. 40(4)},
  pages = {56-65},
  language = {russian},
  keywords = {own},
}

@ARTICLE{my_paper_GA20,
  author = {Лисс, А. Р. and Пуеров, Г. Ю. and Сергеева, Е. И.},
  title = {Параллельная обработка гидроакустической информации
  линейных антенных решёток в реальном времени},
  journal = {Науч. технич. сб. <<Гидроакустика>>},
  year = 2020,
  number = {Вып. 42(3)},
  pages = {50-57},
  language = {russian},
  keywords = {own},
}

%%%%%%%%%%%%%%%%%%%%%%%%%%%%%%%%%%%%%%%%%%%%%%%%%%%%%%%%%%%%%%%%%%%%%%%%%%%%%%%%%%%%%%%%%%%%%%
% Известия СПбГЭТУ ЛЭТИ
%%%%%%%%%%%%%%%%%%%%%%%%%%%%%%%%%%%%%%%%%%%%%%%%%%%%%%%%%%%%%%%%%%%%%%%%%%%%%%%%%%%%%%%%%%%%%%
@ARTICLE{my_paper_LETI_MCS,
  author = {Лисс, А. Р. and Пуеров, Г. Ю. and Сергеева, Е. И.},
  title = {Модель системы параллельной обработки гидроакустической информации
    в реальном масштабе времени},
  journal = {Известия СПбГЭТУ <<ЛЭТИ>>},
  year = 2020,
  number = {3},
  pages = {29-38},
  language = {russian},
  keywords = {own},
}

@ARTICLE{my_paper_LETI_21,
  author = {Лисс, А. Р. and Пуеров, Г. Ю. and Сергеева, Е. И.},
  title = {Модель системы параллельной обработки гидроакустической информации
    в реальном масштабе времени},
  journal = {Известия СПбГЭТУ <<ЛЭТИ>>},
  year = 2021,
  issue = {3},
  pages = {29-38},
  language = {russian},
  keywords = {own},
}


%%%%%%%%%%%%%%%%%%%%%%%%%%%%%%%%%%%%%%%%%%%%%%%%%%%%%%%%%%%%%%%%%%%%%%%%%%%%%%%%%%%%%%%%%%%%%%
% Проблемы мат анализа
% англ. версия в Journal of Mathematical Science
%%%%%%%%%%%%%%%%%%%%%%%%%%%%%%%%%%%%%%%%%%%%%%%%%%%%%%%%%%%%%%%%%%%%%%%%%%%%%%%%%%%%%%%%%%%%%%
@article{my_paper_func_recovery_estimation,
  author = {Puerov, G. Yu. and Sergeeva, E. I.},
  year = {2013},
  pages = {536-543},
  title = {Estimate for Deviation of Generalized Steklov Averages for
  Functions of Two Variables},
  volume = {189},
  number = {3},
  journal = {Journal of Mahtematical Science},
  keywords = {own},
}


%%%%%%%%%%%%%%%%%%%%%%%%%%%%%%%%%%%%%%%%%%%%%%%%%%%%%%%%%%%%%%%%%%%%%%%%%%%%%%%%%%%%%%%%%%%%%%
% доклады на конференциях
%%%%%%%%%%%%%%%%%%%%%%%%%%%%%%%%%%%%%%%%%%%%%%%%%%%%%%%%%%%%%%%%%%%%%%%%%%%%%%%%%%%%%%%%%%%%%

%%%%%%%%%%%%%%%%%%%%%%%%%%%%%%%%%%%%%%%%%%%%%%%%%%%%%%%%%%%%%%%%%%%%%%%%%%%%%%%%%%%%%%%%%%%%%%
% ГА
%%%%%%%%%%%%%%%%%%%%%%%%%%%%%%%%%%%%%%%%%%%%%%%%%%%%%%%%%%%%%%%%%%%%%%%%%%%%%%%%%%%%%%%%%%%%%%

@INPROCEEDINGS{my_paper_SCRK_GA12,
  author = {Пуеров, Г. Ю. and Сергеева,  Е. И.},
  title = {Программное обеспечение системы цифрового разделения 
    каналов в гидроакустических станциях и комплексах с частотным уплотнением 
    сигналов в антенне},
  booktitle = {Труды XI всероссийской конференции 
    <<Прикладные технологии гидроакустики и гидрофизики>> (ГА-2012)},
  address = {СПб},
  publisher = {<<Наука>>},
  pages = {146-148},
  year = 2012,
  language = {russian},
  keywords = {own},
}

@INPROCEEDINGS{my_paper_GA16,
    author = {Пуеров, Г. Ю. and Сергеева,  Е. И.},
    title = {Об эффективной реализации некоторых ресурсоёмких задач
    пространственно-частотной обработки сигналов линейной антенной решётки},
    booktitle = {Труды XIII Всероссийской конференции 
      <<Прикладные технологии гидроакустики и гидрофизики>> (ГА-2016)},
    address = {СПб},
    pages = {292-294},
    year = 2016,
    language = {russian},
    keywords = {own},
}

@INPROCEEDINGS{my_paper_fbf_fresnel_GA18,
    author = {Пуеров, Г. Ю. and Сергеева,  Е. И.},
    title = {Приближённый алгоритм формирования характеристик направленности
    линейной антенной решётки при работе в зоне Френеля},
    booktitle = {Труды XIV Всероссийской конференции 
      <<Прикладные технологии гидроакустики и гидрофизики>> (ГА-2018)},
    address = {СПб},
    pages = {430-432},
    year = 2018,
    language = {russian},
    keywords = {own},
}

%%%%%%%%%%%%%%%%%%%%%%%%%%%%%%%%%%%%%%%%%%%%%%%%%%%%%%%%%%%%%%%%%%%%%%%%%%%%%%%%%%%%%%%%%%%%%%
% МАГ
%%%%%%%%%%%%%%%%%%%%%%%%%%%%%%%%%%%%%%%%%%%%%%%%%%%%%%%%%%%%%%%%%%%%%%%%%%%%%%%%%%%%%%%%%%%%%%
@INPROCEEDINGS{my_paper_imitator_MAG13,
    author = {Пуеров, Г. Ю. and Ложкин, Д. В. and Сергеева,  Е. И.},
    title = {Многофункциональный имитатор сигналов гибкой протяжённой буксируемой антенны},
    booktitle = {Сборник докладов III объединенной конференции молодых учёных и специалистов
      <<Прикладные технологии гидроакустики и гидрофизики>> },
    address = {СПб},
    pages = {193-197},
    year = 2013,
    language = {russian},
    keywords = {own},
}

@INPROCEEDINGS{my_paper_fbf_MAG15,
    author = {Пуеров, Г. Ю. and Сергеева,  Е. И.},
    title = {Программная реализация формирования характеристик направленности
      линейной антенной решётки с применением алгоритмов
      <<быстрой свёртки>>},
    booktitle = {Сборник докладов IV научно-технической конференции молодых учёных и специалистов
      <<Прикладные технологии гидроакустики и гидрофизики>> (МАГ-2015)},
    address = {СПб},
    pages = {119-122},
    year = 2015,
    language = {russian},
    keywords = {own},
}

@INPROCEEDINGS{my_paper_listening_MAG17,
    author = {Пуеров, Г. Ю. and Сергеева,  Е. И.},
    title = {Обработка сигналов прослушивания режима шумопеленгования в
    низком частотном диапазоне на сигнальных процессорах},
    booktitle = {Сборник трудов V научно-технической конференции молодых учёных и специалистов 
      <<Прикладные технологии гидроакустики и гидрофизики>> (МАГ-2017)},
    address = {Туапсе},
    pages = {231-236},
    year = 2017,
    language = {russian},
    keywords = {own},
}

@INPROCEEDINGS{my_paper_fbf_Fresnel_MAG19,
    author = {Сергеева,  Е. И.},
    title = {Точность приближения при реализации <<быстрого>>
      алгоритма формирования характеристик направленности линейной антенной решётки
      в зоне Френеля},
    booktitle = {Сборник трудов VI научно-технической конференции молодых учёных и специалистов 
      <<Прикладные технологии гидроакустики и гидрофизики>> (МАГ-2019)},
    address = {СПб},
    pages = {183-187},
    year = 2019,
    language = {russian},
    keywords = {own},
}


%%%%%%%%%%%%%%%%%%%%%%%%%%%%%%%%%%%%%%%%%%%%%%%%%%%%%%%%%%%%%%%%%%%%%%%%%%%%%%%%%%%%%%%%%%%%%%
% ИСТОК
%%%%%%%%%%%%%%%%%%%%%%%%%%%%%%%%%%%%%%%%%%%%%%%%%%%%%%%%%%%%%%%%%%%%%%%%%%%%%%%%%%%%%%%%%%%%%%
@INPROCEEDINGS{my_paper_ISTOK16,
    author = {Пуеров, Г. Ю. and Сергеева,  Е. И.},
    title = {Применение алгоритмов <<быстрой свёртки>> при программной реализации
    некоторых задач пространственно-частотно временной обработки сигналов линейной антенной решётки},
    booktitle = {Сборник трудов I научно-практической конференции молодых специалистов
      интегрированной структуры АО <<Концерн <<Океанприбор>> (ИСТОК-2016)},
    address = {Туапсе},
    pages = {253-256},
    year = 2016,
    language = {russian},
    keywords = {own},
}

@INPROCEEDINGS{my_paper_ISTOK18,
    author = {Денисова, Е. С. and Сергеева,  Е. И.},
    title = {Восстановление амплитудной модуляции в очищенном от
      шума сигнале тракта прослушивания режима
      шумопеленгования в низкочастотном диапазоне},
    booktitle = {Сборник трудов II научно-практической конференции молодых специалистов
      интегрированной структуры АО <<Концерн <<Океанприбор>> (ИСТОК-2018)},
    address = {Туапсе},
    pages = {11-14},
    year = 2018,
    language = {russian},
    keywords = {own},
}

@INPROCEEDINGS{my_paper_ISTOK20,
    author = {Сергеева,  Е. И.},
    title = {Модели параллельных вычислений в системах обработки гидроакустической
    информации реального времени},
    booktitle = {Сборник трудов III научно-практической конференции молодых специалистов
      интегрированной структуры АО <<Концерн <<Океанприбор>> (ИСТОК-2020)},
    address = {Туапсе},
    pages = {??},
    year = 2020,
    language = {russian},
    keywords = {own},
}


%%%%%%%%%%%%%%%%%%%%%%%%%%%%%%%%%%%%%%%%%%%%%%%%%%%%%%%%%%%%%%%%%%%%%%%%%%%%%%%%%%%%%%%%%%%%%%
% АГАТ
%%%%%%%%%%%%%%%%%%%%%%%%%%%%%%%%%%%%%%%%%%%%%%%%%%%%%%%%%%%%%%%%%%%%%%%%%%%%%%%%%%%%%%%%%%%%%%
@INPROCEEDINGS{my_paper_AGAT17,
    author = {Пуеров, Г. Ю. and Сергеева,  Е. И.},
    title = {О некоторых подходах к проектированию программного обеспечения многопроцессорных систем
    обработки гидроакустических сигналов линейной антенной решётки},
    booktitle = {Сборник докладов научно-технической конференции
      <<Состояние, проблемы и перспективы создания
      корабельных информационно-управляющих комплексов>>},
    address = {Москва},
    publisher = {АО <<Концерн <<Моринсис-Агат>>}, 
    pages = {165-168},
    year = 2017,
    language = {russian},
    keywords = {own},
}


%%%%%%%%%%%%%%%%%%%%%%%%%%%%%%%%%%%%%%%%%%%%%%%%%%%%%%%%%%%%%%%%%%%%%%%%%%%%%%%%%%%%%%%%%%%%%%
% Иркутск
%%%%%%%%%%%%%%%%%%%%%%%%%%%%%%%%%%%%%%%%%%%%%%%%%%%%%%%%%%%%%%%%%%%%%%%%%%%%%%%%%%%%%%%%%%%%%%
@INPROCEEDINGS{my_paper_YM17,
    author = {Сергеева,  Е. И.},
    title = {Особенности проектирования программного обеспечения многопроцессорных систем
      обработки гидроакустических сигналов линейной антенной решётки},
    booktitle = {Материалы XVIII Всероссийской конференции молодых учёных
    по математическому моделированию},
    address = {Новосибирск},
    publisher = {ИВТ СО РАН}, 
    pages = {53-54},
    year = 2017,
    language = {russian},
    keywords = {own},
}

%%%%%%%%%%%%%%%%%%%%%%%%%%%%%%%%%%%%%%%%%%%%%%%%%%%%%%%%%%%%%%%%%%%%%%%%%%%%%%%%%%%%%%%%%%%%%%
% КМУ 2013, 2014
%%%%%%%%%%%%%%%%%%%%%%%%%%%%%%%%%%%%%%%%%%%%%%%%%%%%%%%%%%%%%%%%%%%%%%%%%%%%%%%%%%%%%%%%%%%%%%
@INPROCEEDINGS{my_paper_KMU13,
    author = {Сергеева,  Е. И.},
    title = {Алгоритмы сглаживания на базе обобщённых средних
    В. А. Стеклова при восстановлении функций по известным значениям в узлах},
    booktitle = {Сборник тезисов докладов конгресса молодых учёных.},
    number = {Вып. 2},
    address = {СПб},
    publisher = {НИУ ИТМО}, 
    pages = {285-286},
    year = 2013,
    language = {russian},
    keywords = {own},
}

@INPROCEEDINGS{my_paper_KMU14,
    author = {Сергеева,  Е. И.},
    title = {Алгоритмы восстановления функций по известным значениям в узлах
    равномерной сетки с применением аппарата средних В. А. Стеклова},
    booktitle = {Сборник тезисов докладов конгресса молодых учёных.},
    number = {Вып. 2},
    address = {СПб},
    publisher = {НИУ ИТМО}, 
    pages = {284-285},
    year = 2014,
    language = {russian},
    keywords = {own},
}



%%%%%%%%%%%%%%%%%%%%%%%%%%%%%%%%%%%%%%%%%%%%%%%%%%%%%%%%%%%%%%%%%%%%%%%%%%%%%%%%%%%%%%%%%%%%%%
% учебное пособие ЛЭТИ
%%%%%%%%%%%%%%%%%%%%%%%%%%%%%%%%%%%%%%%%%%%%%%%%%%%%%%%%%%%%%%%%%%%%%%%%%%%%%%%%%%%%%%%%%%%%%
@BOOK{my_metodichka_TRPOGAS,
  author = {Лисс, А. Р. and Пуеров, Г. Ю. and Сергеева, Е. И.},
  title = {Учебное пособие <<Архитектура и
    технология разработки программного обеспечения
    гидроакустических систем>>},
  publisher = {СПбГЭТУ <<ЛЭТИ>>},
  year = 2017,
  url = {https://lk.etu.ru/dashboard/api/download/1171},
  language = {russian},
  keywords = {own},
}


%%%%%%%%%%%%%%%%%%%%%%%%%%%%%%%%%%%%%%%%%%%%%%%%%%%%%%%%%%%%%%%%%%%%%%%%%%%%%%%%%%%%%%%%%%%%%%
% свидетельства о регистрации ПО
%%%%%%%%%%%%%%%%%%%%%%%%%%%%%%%%%%%%%%%%%%%%%%%%%%%%%%%%%%%%%%%%%%%%%%%%%%%%%%%%%%%%%%%%%%%%%

%Свидетельство о государственной регистрации программы для ЭВМ
%No 2017617058.
%Библиотека цифровой обработки сигналов для микропроцессора КОМДИВ128-РИО
%для ОС РВ Багет 3.5 (БЦОС 3.5)
%/ Г. О. Райко, О. Ю. Сударева, М. С. Хропов, М. С. Аристов
%/ Правообладатель: Федеральное государственное учреждение
%Федеральный научный центр Научно-исследовательский
%институт системных исследований
%Российской академии наук (ФГУ ФНЦ НИИСИ РАН). — 22 июня 2017.

%@Patent{progbib1,
%  heading =      {Свидетельство о гос. регистрации программы для {ЭВМ}},
%  author =       {Петров, П. П.},
%  title =        {foobar},
%  media =        {text},
%  holder =       {НИИ~ГДААДАВБА},
%  reqnumber =    1234567890,
%  publdate =     {2020-01-02},
%  date =         {2020-01-01},
%  prnumber =     1234567890,
%  prcountry =    {countryru},
%  language =     {russian},
%  authorprogram ={yes},
%}
 


%@Misc{reg_lib_SPCHVO,
%  author={Сергеева, Е. И.
%    and Пуеров, Г. Ю.},
%  title={Библиотека <<быстрой>> обработки гидроакустической информации линейных антенных
%    решёток // Свидетельство о государственной регистрации программы для ЭВМ
%    {\textnumero} 2020613784 (дата регистрации: 23.03.2020 г.)},
%  language = {russian},
%  keywords = {own},
%}

@Patent{reg_lib_SPCHVO,
  heading = {Свидетельство о гос. регистрации программы для {ЭВМ}},
  author =  {Сергеева, Е. И. and Пуеров, Г. Ю.},
  title =   {Библиотека <<быстрой>> обработки гидроакустической информации
             линейных антенных решёток},
  holder =       {АО~<<Концерн~<<Океанприбор>>},
  reqnumber =    {2020613784},
  publdate =     {23-03-2020},
  prcountry =    {countryru},
  language =     {russian},
  keywords = {own},
}
 
  
%@Misc{reg_Fresnel,
%  author={Сергеева, Е. И.},
%  title={Программа обеспечения разработки систем <<быстрой>>
%    обработки в зоне Френеля
%    гидроакустической информации линейных антенных решёток
%    // Свидетельство о государственной регистрации программы для ЭВМ
%    {\textnumero} 2020613785 (дата регистрации: 23.03.2020 г.)},
%  language = {russian},
%  keywords = {own},
%}

@Patent{reg_Fresnel,
  heading =      {Свидетельство о гос. регистрации программы для {ЭВМ}},
  author =       {Сергеева, Е. И.},
  title =        {Программа обеспечения разработки систем <<быстрой>>
    обработки в зоне Френеля
    гидроакустической информации линейных антенных решёток},
  holder =       {{АО}~<<Концерн~<<Океанприбор>>},
  reqnumber =    {2020613785},
  publdate =     {23-03-2020},
  prcountry =    {countryru},
  language =     {russian},
  keywords = {own},
}
  
%@Misc{reg_funcrecv}
@Patent{reg_funcrecv,
  heading = {Свидетельство о гос. регистрации программы для {ЭВМ}},
  author =  {Сергеева, Е. И.},
  title =   {Библиотека восстановления данных на равномерной сетке для
    систем параллельной обработки информации},
  holder =  {АО~<<Концерн~<<Океанприбор>>},
  reqnumber = {2021614002},
  publdate =     {17-03-2021},
  prcountry =    {countryru},
  language =     {russian},
  keywords = {own},
}
  
%@Misc{reg_imit}
@Patent{reg_imit,
  heading =      {Свидетельство о гос. регистрации программы для {ЭВМ}},
  author =       {Сергеева, Е. И.},
  title =        {Модульный программный имитатор сигналов ЛАР},
  holder =       {АО~<<Концерн~<<Океанприбор>>},
  reqnumber =    {2021614001},
  publdate =     {17-03-2021},
  prcountry =    {countryru},
  language =     {russian},
  keywords = {own},
  }


%%%%%%%%%%%%%%%%%%%%%%%%%%%%%%%%%%%%%%%%%%%%%%%%%%%%%%%%%%%%%%%%%%%%%%%%%%%%%%%%%%%%%%%%%%%%%%
%% end of my publications
%%%%%%%%%%%%%%%%%%%%%%%%%%%%%%%%%%%%%%%%%%%%%%%%%%%%%%%%%%%%%%%%%%%%%%%%%%%%%%%%%%%%%%%%%%%%%%
%%%%%%%%%%%%%%%%%%%%%%%%%%%%%%%%%%%%%%%%%%%%%%%%%%%%%%%%%%%%%%%%%%%%%%%%%%%%%%%%%%%%%%%%%%%%%%
%%%%%%%%%%%%%%%%%%%%%%%%%%%%%%%%%%%%%%%%%%%%%%%%%%%%%%%%%%%%%%%%%%%%%%%%%%%%%%%%%%%%%%%%%%%%%%


%%%%%%%%%%%%%%%%%%%%%%%%%%%%%%%%%%%%%%%%%%%%%%%%%%%%%%%
%% BOOK %%
%%%%%%%%%%%%%%%%%%%%%%%%%%%%%%%%%%%%%%%%%%%%%%%%%%%%%%%

%Даджион~Д. %, Мерсеро~Р. 
%Цифровая обработка многомерных сигналов / Д.~Даджион, Р.~Мeрсеро. М.: Мир, 1988. 488~с.
@BOOK{book_Dadj_Mers,
  author = {Даджион, Д. and Мeрсеро, Р.},
  title = {Цифровая обработка многомерных сигналов},
  address = {М.},
  publisher = {Мир},
  year = 1988,
  numpages = 488,
  language = {russian}
}

%Кремер~И.~Я.
%Пространственно-временная обработка сигналов / 
%Кремер~И.~Я., Кремер~А.~И., Петров~В.~М. и др. Под ред И.~Я.~Кремера. 
%под. ред. И.~Я.~Кремера.
%М.: Радио и связь, 1984. 224~с. 
@BOOK{book_Kremer,
  author = {Кремер, И. Я. and Кремер, А. И. and Петров, В. М.},
  editor = {И. Я. Кремера},
  title = {Пространственно-временная обработка сигналов},
  address = {М.},
  publisher = {Радио и связь},
  year = 1984,
  numpages = 224,
  language = {russian}
}

%Малышкин~Г.~С.
%Оптимальные и адаптивные методы
%обработки гидроакустических сигналов. Т.1 Оптимальные методы / 
%Г.~С.~Малышкин.
%СПб.: ОАО <<Концерн <<ЦНИИ <<Электроприбор>>, 2011. 400~с.
@BOOK{book_Mal_T1,
  author = {Малышкин, Г. С.},
  title = {Оптимальные и адаптивные методы обработки гидроакустических сигналов. 
    Т.1 Оптимальные методы},
  address = {СПб.},
  publisher = {ОАО <<Концерн <<ЦНИИ <<Электроприбор>>},
  year = 2011,
  numpages = 400,
  language = {russian}
}

%Малышкин~Г.~С.
%Оптимальные и адаптивные методы
%обработки гидроакустических сигналов. Т.2 Адаптивные методы / 
%Г.~С.~Малышкин.
%СПб.: ОАО <<Концерн <<ЦНИИ <<Электроприбор>>, 2011. 374~с.
@BOOK{book_Mal_T2,
  author = {Малышкин, Г. С.},
  title = {Оптимальные и адаптивные методы обработки гидроакустических сигналов. 
    Т.2 Адаптивные методы},
  address = {СПб.},
  publisher = {ОАО <<Концерн <<ЦНИИ <<Электроприбор>>},
  year = 2011,
  numpages = 374,
  language = {russian}
}


%Гусев~В.~Г.
%Системы пространственно-временной обработки гидроакустической информации /
%В.~Г.~Гусев. Л.: Судостроение, 1988. 264~с.
@BOOK{book_Gusev,
  author = {Гусев, В. Г.},
  title = {Системы пространственно-временной обработки гидроакустической информации},
  address = {Л.},
  publisher = {Судостроение},
  year = 1988,
  numpages = 264,
  language = {russian}
}

%Г.~В.~Лоскутова, К.~И.~Полканов.
%Пространственно-частотные и частотно-волновые методы
%описания и обработки гидроакустических полей / 
%СПб.: Наука, 2007.~239~с.
@BOOK{book_Losk_Polk,
  author = {Лоскутова, Г. В. and Полканов, К. И.},
  title = {Пространственно-частотные и частотно-волновые методы 
    описания и обработки гидроакустических полей},
  address = {СПб.},
  publisher = {Наука},
  year = 2007,
  numpages = 239,
  language = {russian}
}

%Б.~Я.~Cоветов, C.~А.~Яковлев.
%Моделирование систем /
%М.: Высш. шк., 2001. 343~с.
@BOOK{book_Sov_Yak,
  author = {Cоветов, Б. Я. and Яковлев, C. A.},
  title = {Моделирование систем},
  address = {М.},
  publisher = {Высш. шк.},
  year = 2001,
  numpages = 343,
  language = {russian}
}

%Цифровая обработка сигналов
%А.~Б.~Сергиенко. СПб.:
%БХВ-Петербург, 2011. 768~с.
@BOOK{book_Sergienko,
  author = {Сергиенко, А. Б.},
  title = {Цифровая обработка сигналов},
  address = {СПб.},
  publisher = {БХВ-Петербург},
  year = 2011,
  numpages = 768,
  language = {russian}
}

%Л.~Рабинер, Б.~Гоулд.
%Теория и применение цифровой обработки сигналов. 
%Пер. с англ. под ред.
%Александрова~Ю.~Н. 
%М.: Мир, 1978. 848~с.
@BOOK{book_RG,
  author = {Рабинер, Л. and Гоулд, Б.},
  title = {Теория и применение цифровой обработки сигналов},
  address = {М.},
  publisher = {Мир},
  year = 1978,
  numpages = 848,
  language = {russian}
}

%Урик~Р.~Дж. 
%Основы гидроакустики / Пер. с англ. Л.: Судостроение. 1978. 448~c.
@BOOK{book_Urick,
  author = {Урик, Р. Дж.},
  title = {Основы гидроакустики},
  address = {Л.},
  publisher = {Судостроение},
  year = 1978,
  numpages = 448,
  language = {russian}
}

@BOOK{book_Tihonov,
  author = {Тихонов, В. И.},
  title = {Статистическая радиотехника},
  address = {М.},
  publisher = {Радио и связь},
  year = 1982,
  numpages = 624,
  language = {russian}
}

%Деммель Дж.
%Вычислительная линейная алгебра.
%Теория и приложения / Пер. с англ.
%М.: Мир, 2001.~430~c.
@BOOK{book_Demmel,
  author = {Деммель, Дж.},
  title = {Вычислительная линейная алгебра.
    Теория и приложения},
  address = {М.},
  publisher = {Мир},
  year = 2001,
  numpages = 430,
  language = {russian}
}


%Бурдик~В.~С. 
%Анализ гидроакустических систем.
% / Пер. с англ. 
%Л.: Судостроение, 1988. 392~c.
@BOOK{book_Burdic,
  author = {Бурдик, В. С.},
  title = {Анализ гидроакустических систем},
  address = {Л.},
  publisher = {Судостроение},
  year = 1988,
  numpages = 392,
  language = {russian}
}

%Смарышев М. Д., Добровольский Ю. Ю.
%Гидроакустические антенны.
%Л.: Судостроение, 1984.
@BOOK{book_Smar,
  author = {Смарышев, М. Д. and Добровольский, Ю. Ю.},
  title = {Гидроакустические антенны},
  address = {Л.},
  publisher = {Судостроение},
  year = 1984,
  language = {russian}
}

%Корякин Ю. А., Смирнов С. А.,  Яковлев Г. В.
%Корабельная гидроакустическая техника.
%Состояние и актуальные проблемы.
%СПб.: Наука, 2004. 412~с.
@BOOK{book_Koryakin,
  author = {Корякин, Ю. А. and Смирнов, С. А. and  Яковлев, Г. В.},
  title = {Корабельная гидроакустическая техника},
  address = {СПб.},
  publisher = {Наука},
  year = 2004,
  numpages = 412,
  language = {russian}
}

%%Nussbaumer~ H.~J., Fast Fourier Transform and Convolution Algorithms, Springer-Verlag, New York, 1981.
%Нуссбаумер~Г., 
%Быстрое преобразование Фурье и алгоритмы вычисления сверток, М.: Радио и связь, 1985. %, 248~с. 
@BOOK{book_Nussb,
  author = {Нуссбаумер, Г.},
  title = {Быстрое преобразование Фурье и алгоритмы вычисления сверток},
  address = {М.},
  publisher = {Радио и связь},
  year = 1985,
  numpages = 248,
  language = {russian}
}


%Оппенгейм~А., Шафер~Р. 
%Цифровая обработка сигналов, М.: Техносфера, 2006. %856~с.
@BOOK{book_Opp_Shaf,
  author = {Оппенгейм, А. and Шафер, Р.},
  title = {Цифровая обработка сигналов},
  address = {М.},
  publisher = {Техносфера},
  year = 2006,
  numpages = 856,
  language = {russian}
}

%Сударева О.Ю. 
%Эффективная реализация алгоритмов быстрого преобразования Фурье 
%и свертки на микропроцессоре КОМДИВ128-РИО. 
%М., НИИСИ РАН, 2014.
@BOOK{book_Sudareva_FFT,
  author = {Сударева, О. Ю.},
  title = {Эффективная реализация алгоритмов быстрого преобразования Фурье 
    и свертки на микропроцессоре КОМДИВ128-РИО},
  address = {М.},
  publisher = {НИИСИ РАН},
  year = 2014,
  language = {russian}
}

%Воеводин В.В., Воеводин В.В. Параллельные вычисления.
%Санкт-Петербург: БХВ-Петербург, 2002. 608 p.
@BOOK{book_Voevodin,
  author = {Воеводин, Вл. В. and Воеводин, В. В.},
  title = {Параллельные вычисления},
  address = {СПб},
  publisher = {БХВ-Петербург},
  year = 2002,
  numpages = 608,
  language = {russian}
}

%В. В. Воеводин, Параллелизм в сложных программных комплексах (почему
%сложно создавать эффективные прикладные пакеты), Чебышевский сб., 2017,
%том 18, выпуск 3, 188–201
@ARTICLE{paper_Voevodin,
  author = {Воеводин, В. В.},
  title = {Параллелизм в сложных программных комплексах
    (почему сложно создавать эффективные прикладные пакеты)},
  journal = {Чебышевский сб.},
  year = 2017,
  number = {Вып. 3},
  volume = {18},
  pages = {188-201},
  language = {russian}
}


@BOOK{book_Lin_Snaider,
  author = {Лин, К. and Снайдер, Л.},
  title = {Принципы параллельного программирования },
  address = {М.},
  publisher = {Издательство Московского университета},
  year = 2013,
  numpages = 408,
  language = {russian}
}

%Гергель В.П., Стронгин, Р.Г. Основы параллельных вычислений для многопроцессорных
%вычислительных систем. Учебное пособие – Нижний Новгород: Изд-во ННГУ им. Н.И. Лобачевского,
%2003. 184 с.
@BOOK{book_Gergel,
  author = {Гергель, В. П. and Стронгин, Р. Г.},
  title = {Основы параллельных вычислений для многопроцессорных вычислительных систем},
  address = {Нижний Новгород},
  publisher = {Изд-во ННГУ им. Н.И. Лобачевского},
  year = 2003,
  numpages = 184,
  language = {russian}
}

%Федотов И. Е.
%Модели параллельного программирования. — М.: СОЛОН-ПРЕСС, 2012. — 384 с.: 
@BOOK{book_Fedotov,
  author = {Федотов, И. Е.},
  title = {Модели параллельного программирования},
  address = {M.},
  publisher = {СОЛОН-ПРЕСС},
  year = 2012,
  numpages = 384,
  language = {russian}
}

%%%%%%%%%%%%%%%%%%%%%%%%%%%%%%%%%%%%%%%%%%%%%%%%%%%%%%%%%%%%%%%%%%%%%%%%%%%%%%%%%
%%%%%%%%%%%%%%%%%%%%%%%%%%%%%%%%%%%%%%%%%%%%%%%%%%%%%%%%%%%%%%%%%%%%%%%%%%%%%%%%%

%Лисс~А.~Р., Рыжиков~А.~В., Шенгелия~М.~В.
%Снижение аппаратных затрат при пространственной обработке сигналов
%с использованием алгоритма <<быстрой свертки>> //
%Науч.~технич.~ сб. 
%<<Гидроакустика>>, вып.~2, 2000, с.~29--32.
@ARTICLE{paper_Liss_Ryzh_Sheng_GA00,
  author = {Лисс, А. Р. and Рыжиков, А. В. and Шенгелия, М. В.},
  title = {Снижение аппаратных затрат при пространственной обработке сигналов
    с использованием алгоритма <<быстрой свертки>>},
  journal = {Науч. технич. сб. <<Гидроакустика>>},
  year = 2000,
  number = {Вып. 2},
  pages = {29 -- 32},
  language = {russian}
}

%Гусев~В.~Г. Об использовании алгоритма БПФ для формирования характеристик
%направленности широкополосных антенных решеток //
%Радиотехника и электроника. М. 1992. т.~32, \No~2.
@ARTICLE{paper_Gusev,
  author = {Гусев, В. Г.},
  title = {Об использовании алгоритма БПФ для формирования характеристик
    направленности широкополосных антенных решеток},
  journal = {Радиотехника и электроника},
  year = 1992,
  number = {2},
  volume = 32,
  language = {russian}
}

%Антропов~И.~В., Мельканович~В.~С., Павловский~Ю.~А., Просеков~О.~В.
%Реализация процедуры формирования характеристик направленности 
%с использованием преобразования фурье малого порядка //
%Труды седьмой международной конференции 
%<<Прикладные технологии гидроакустики и гидрофизики>>,
%СПб., 2004. С.~390--394. 
@INPROCEEDINGS{paper_Antr_Melk_Pavl_Prosec_confGA04,
    author = {Антропов, И. В. and Мельканович, В. С. and Павловский, Ю. А. and Просеков О. В.},
    title = {Реализация процедуры формирования характеристик направленности 
      с использованием преобразования Фурье малого порядка },
    booktitle = {Труды седьмой международной конференции 
      <<Прикладные технологии гидроакустики и гидрофизики>>},
    address = {СПб.},
    pages = {390-394},
    year = 2004,
    language = {russian},
}

%Bluestein, L. I., A Linear Filtering Approach to the Computation of the Discrete
%Fourier Transform // IEEE Transactions on Audio and Electroacoustics, vol. AU-18,
%no.~4 (1970), p.~451--455.
@ARTICLE{paper_Bluest,
  author = {Bluestein, L. I.},
  title = {A Linear Filtering Approach to the Computation of the Discrete Fourier Transform},
  journal = {IEEE Transactions on Audio and Electroacoustics},
  year = 1970,
  number = {4},
  volume = {AU-18},
  pages = {451-455},
}

%Rabiner L. R., Schafer R. W., Rader C. M.
%The Chirp $z$-Transform Algorithm //
%IEEE Transactions on Audio and Electroacoustics, vol. AU-17,
%no.~2 (1969), p.~86--92.
@ARTICLE{paper_Rab_Schaf_Rad,
  author = {Rabiner, L. R. and Schafer, R. W. and Rader, C. M.},
  title = {The Chirp $z$-Transform Algorithm},
  journal = {IEEE Transactions on Audio and Electroacoustics},
  year = 1969,
  number = {2},
  volume = {AU-17},
  pages = {86-92},
}

%Bailey~D.~H., Swarztrauber~P.~N., 
%The Fractional Fourier Transform and Applications // SIAM Review, vol.~33, no.~3 (1991), p.~389--404.
@ARTICLE{paper_Bailey_Swartz,
  author = {Bailey, D. H. and Swarztrauber, P. N.},
  title = {The Fractional Fourier Transform and Applications},
  journal = {SIAM Review},
  year = 1991,
  number = {3},
  volume = {33},
  pages = {389-404},
}

%Кремер~И.~Я., Понькин~В.~А. 
%О потенциальной точности определения местоположения цели при пространственно-временной 
%обработке сигналов в общем случае // Радиотехника и электроника. 1975. \No~6. С.~1186--1198.
@ARTICLE{paper_Kremer_Ponk,
  author = {Кремер, И. Я. and Понькин, В. А.},
  title = {О потенциальной точности определения местоположения цели при пространственно-временной 
    обработке сигналов в общем случае},
  journal = {Радиотехника и электроника},
  year = 1975,
  number = {6},
  pages = {1186-1198},
  language = {russian}
}

%Рудько~И.~М.
%Определение дистанции до цели, находящейся в зоне Френеля антенны //
%Пробл. управл. 2006. Вып.~6. С.~79--82.
@ARTICLE{paper_Rudko,
  author = {Рудько, И. М.},
  title = {Определение дистанции до цели, находящейся в зоне Френеля антенны},
  journal = {Проблемы управления},
  year = 2006,
  number = {Вып. 6},
  pages = {79-82},
  language = {russian}
}

%Емилова~Р.~Р., Егоров~Н.~М., Мнацаканян~А.~А.
%Формирование характиристики направленности линейной антенны
%с учетом сферического расхождения волнового фронта
%// Сборник трудов V научно-технической конференции молодых ученых и специалистов
%<<Прикладные технологии гидроакустики и гидрофизики>>. 
%Туапсе, 2016. С.~21--24.
@INPROCEEDINGS{paper_Emilova_Mnats_confMAG17,
    author = {Емилова, Р. Р. and Егоров, Н. М. and Мнацаканян, А. А.},
    title = {Формирование характиристики направленности линейной антенны 
      с учетом сферического расхождения волнового фронта},
    booktitle = {Сборник трудов V научно-технической конференции молодых ученых и специалистов
      <<Прикладные технологии гидроакустики и гидрофизики>>},
    address = {Туапсе},
    pages = {21-24},
    year = 2017,
    language = {russian},
}


%Емилова~Р.~Р., Мнацаканян~А.~А.
%Фокусировка антенны в зоне Френеля в широкой полосе частот
%// Сборник докладов II научно-практической конференции молодых специалистов
%интегрированной структуры АО <<Концерн <<Океанприбор>> (ИСТОК-2018)
%СПб, 2018. С.~14--18.
@INPROCEEDINGS{paper_Emilova_Mnats_confISTOK18,
    author = {Емилова, Р. Р. and Мнацаканян, А. А.},
    title = {Фокусировка антенны в зоне Френеля в широкой полосе частот},
    booktitle = {Сборник докладов II научно-практической конференции молодых специалистов
      интегрированной структуры АО <<Концерн <<Океанприбор>> (ИСТОК-2018)},
    address = {СПб},
    pages = {14-18 },
    year = 2018,
    language = {russian},
}


%И. Е. Волков, П. А. Стародубцев, А. П. Шевченко
%Определение пространственных координат подводного объекта
%по кривизне волнового фронта сигнала
%// Гидроакустика. 2015. Вып.~24(4). С.~90--95.
@ARTICLE{paper_Volkov_Starod_Shevch,
  author = {Волков, И. Е.  and Стародубцев,  П. А. and Шевченко, А. П.},
  title = {Определение пространственных координат подводного объекта
    по кривизне волнового фронта сигнала},
  journal = {Науч. технич. сб. <<Гидроакустика>>},
  year = 2015,
  number = {Вып. 24(4)},
  pages = {90-95},
  language = {russian}
}


%Попова О. С.
%О связи оптимальных процедур обнаружения широкополосного стохастического сигнала, реализуемых по выходу
%приемных элементов антенны и по выходу сформированных пространственных каналов~// 
%Науч.~технич.~сб.  <<Гидроакустика>>. 2006. Вып.~6.  С.~60--69.
@ARTICLE{paper_Popova_GA06,
  author = {Попова, О. С.},
  title = {О связи оптимальных процедур обнаружения широкополосного стохастического сигнала, 
    реализуемых по выходу приемных элементов антенны 
    и по выходу сформированных пространственных каналов},
  journal = {Науч. технич. сб. <<Гидроакустика>>},
  year = 2006,
  number = {Вып. 6},
  pages = {60 -- 69},
  language = {russian}
}

%Астафьев В. Б. 
%Формирование характеристик направленности линейной антенны с использованием операции свертки~// 
%Науч.~технич.~сб.  <<Гидроакустика>>. 2003. Вып.~4. С.~60--65.
@ARTICLE{paper_Astaf_GA03,
  author = {Астафьев, В. Б.},
  title = {Формирование характеристик направленности линейной антенны 
    с использованием операции свертки},
  journal = {Науч. технич. сб. <<Гидроакустика>>},
  year = 2003,
  number = {Вып. 4},
  pages = {60 -- 65},
  language = {russian}
}

%%%%%%%%%%%%%%%%%%%%%%%%%%%%%%%%%%%%%%%%%%%%%%%%%%%%%%%%%%%%%%%%%%%%%%%%%%%%%%%%%%%%%%%%%%%%%%%%
%%%%%%%%%%%%%%%%%%%%%%%%%%%%%%%%%%%%%%%%%%%%%%%%%%%%%%%%%%%%%%%%%%%%%%%%%%%%%%%%%%%%%%%%%%%%%%%%
%%%%%%%%%%%%%%%%%%%%%%%%%%%%%%%%%%%%%%%%%%%%%%%%%%%%%%%%%%%%%%%%%%%%%%%%%%%%%%%%%%%%%%%%%%%%%%%%
% bibl_3.bib

%%%%%%%%%%%%%%%%%%%%%%%%%%%%%%%%%%%%%%%%%%%%%%%%%%%%%%%
%% BOOK %%
%%%%%%%%%%%%%%%%%%%%%%%%%%%%%%%%%%%%%%%%%%%%%%%%%%%%%%%

@BOOK{book_VVS,
  author = {Бобков, С. Г.},
  title = {Высокопроизводительные вычислительные системы},
  address = {М.},
  publisher = {НИИСИ РАН},
  year = 2014,
  numpages = 296,
  language = {russian}
}

@BOOK{book_Tan,
  author = {Таненбаум, Э.},
  title = {Архитектура ЭВМ: Пер. с англ.},
  address = {СПб.},
  publisher = {Питер},
  year = 2003,
  numpages = 698,
  language = {russian}
}

@BOOK{book_Wolf,
  author = {Wolf, W.},
  title = {High-Performance Embedded
    Computing. Architectures, Applications, and
    Methodologies},
  publisher = {Morgan Kaufmann Publishers},
  year = 2007
}

@BOOK{book_Elbrus,
  author = {Ким, А. К. and  Перекатов, В. И. and Ермаков, С. Г.},
  title = {Микропроцессоры и вычислительные комплексы семейства <<Эльбрус>>},
  address = {СПб.},
  publisher = {Питер},
  year = 2013,
  numpages = 273,
  language = {russian}
}

%Patterson, David A., Hennessy, John L. Computer Architecture: A
%Quantitative Approach. Fourth edition. - The Morgan Kaufmann Series
%in Computer Architecture and Design. Kindle Locations 1789-1801. Else-
%vier Science (reference). Kindle Edition, 2011.-676с.
@BOOK{book_Patt_Henn,
  author = {Patterson, David A. and Hennessy, John L.},
  title = {Computer Architecture: A
    Quantitative Approach. Fourth edition},
  publisher = {The Morgan Kaufmann Series in Computer Architecture and Design},
  year = 2011,
  numpages = 676
}


@BOOK{book_Braude,
  author = {Брауде, Э.},
  title = {Технология разработки программного обеспечения: Пер. с англ.},
  address = {СПб},
  publisher = {Питер},
  year = 2004,
  numpages = 655,
  language = {russian}
}

%%%%%%%%%%%%%%%%%%%%%%%%%%%%%%%%%%%%%%%%%%%%%%%%%%%%%%%
%% ARTICLE %%
%%%%%%%%%%%%%%%%%%%%%%%%%%%%%%%%%%%%%%%%%%%%%%%%%%%%%%%

@ARTICLE{paper_Liss_Ryzh_GA15,
  author = {Лисс, А. Р. and Рыжиков, А. В.},
  title = {Проблемы и пути построения отказоустойчивых систем обработки сигналов 
    в гидроакустике},
  journal = {Науч. технич. сб. <<Гидроакустика>>},
  year = 2015,
  number = {22 (2)},
  pages = {5-17},
  language = {russian}
}


@ARTICLE{paper_Liss_Ryzh_GA16,
  author = {Лисс, А. Р. and Рыжиков, А. В.},
  title = {Системы обработки сигналов в гидроакустических станциях и комплексах},
  journal = {Науч. технич. сб. <<Гидроакустика>>},
  year = 2016,
  number = {27 (3)},
  pages = {38-47},
  language = {russian}
}

@ARTICLE{paper_Mal_Sel_Uzh_GA17,
  author = {Мальцева, Н.В. and Селеджи, Г. Ц. and Ужва, С. C.},
  title = {Использование современного вычислительного комплекса
    в задачах приема и обработки гидроакустических сигналов
    от гибкой протяжённой буксируемой антенны},
  journal = {Науч. технич. сб. <<Гидроакустика>>},
  year = 2017,
  number = {29 (1)},
  pages = {80-87},
  language = {russian}
}

%Лунин Р. О., Мальцева Н. В., Селеджи Г.Ц. 
%Цифровое разделение каналов в гидроакустических 
%станциях с частотным уплотнением сигналов в антенне, 
%реализованное на средствах ВК-27.05 //
%Тр. 13 Всерос. конф. <<Прикладные технологии гидроакустики и гидрофизики>> ГА-2016. СПб., 2016.
@INPROCEEDINGS{paper_Mal_Sel_Lunin_confGA16,
    author = {Лунин, Р. О. and  Мальцева, Н. В. and Селеджи, Г.Ц.},
    title = {Цифровое разделение каналов в гидроакустических  
      станциях с частотным уплотнением сигналов в антенне, 
      реализованное на средствах ВК-27.05},
    booktitle = {Тр. 13 Всерос. конф. <<Прикладные технологии гидроакустики и гидрофизики>> ГА-2016},
    address = {СПб},
    year = 2016,
    language = {russian},
}


%Лисс А. Р., Мальцева Н. В ., Селеджи Г. Ц.
%Базовый ЦВК для гидроакустических систем
%среднего класса на основе ВК-27 // 
%Тр. 11 Всеросс. конф. <<Прикладные технологии гидроакустики и гидрофизики>>. СПб., 2014.
@INPROCEEDINGS{paper_Liss_Mal_Sel_confGA14,
    author = {Лисс, А. Р. and  Мальцева, Н. В. and Селеджи, Г.Ц.},
    title = {Базовый ЦВК для гидроакустических систем
      среднего класса на основе ВК-27},
    booktitle = {Тр. 11 Всерос. конф. <<Прикладные технологии гидроакустики и гидрофизики>> ГА-2014},
    address = {СПб},
    year = 2014,
    language = {russian},
}


%Райко Г. О., Павловский Ю. А., Мельканович В. С. 
%Технология программирования многопроцессорной обработки 
%гидроакустических сигналов на вычислительных устройствах семейства <<КОМДИВ>> 
%// Гидроакустика. — СПб., ОАО <<Концерн <<Океанприбор>> >>, 2014. — No 20(2). —
%С. 85—92.
@ARTICLE{paper_RPM_GA14,
  author = {Райко, Г. О. and Павловский, Ю. А. and Мельканович, В. С.},
  title = {Технология программирования многопроцессорной обработки 
    гидроакустических сигналов на вычислительных устройствах семейства <<КОМДИВ>> },
  journal = {Науч. технич. сб. <<Гидроакустика>>},
  year = 2014,
  number = {20 (2)},
  pages = {85 - 92},
  language = {russian}
}


@ARTICLE{paper_Raiko_NIISI_BPOS,
  author = {Райко, Г. О.},
  title = {Библиотека параллельной обработки сигналов},
  journal = {Труды НИИСИ РАН.
    Математическое и компьютерное моделирование
    сложных систем:
    теоретические и прикладные аспекты },
  year = 2015,
  volume = {5},
  number = {1},
  pages = {64-69},
  address = {М.},
  publisher = {ФГУ ФНЦ НИИСИ РАН},
  language = {russian}
}

%Инструментальный комплекс <<РИО-оптимизатор>>
%для разработки прикладного ПО с использованием
%Библиотеки Параллельной Обработки Сигналов
%А. Н. Павлов
@ARTICLE{paper_Pavlov_RIOopt,
  author = {Павлов, А. Н.},
  title = {Инструментальный комплекс <<РИО-оптимизатор>>
    для разработки прикладного ПО с использованием
    Библиотеки Параллельной Обработки Сигналов},
  journal = {Труды НИИСИ РАН.
    Математическое и компьютерное моделирование
    сложных систем:
    теоретические и прикладные аспекты },
  year = 2015,
  volume = {5},
  number = {1},
  pages = {70-74},
  address = {М.},
  publisher = {ФГУ ФНЦ НИИСИ РАН},
  language = {russian}
}

%Павловский Ю. А.
%Технология программирования многопроцессорной обработки гидроакустических сигналов
%на вычислительных устройствах семейства <<КОМДИВ>>// 
%Сборник трудов I научно-практической конференции молодых специалистов
%интегрированнной структуры АО <<Концерн <<Океанприбор>>
%<<ИСТОК-2016>>. 
%СПб., 2016. С. 245 -- 249.
@INPROCEEDINGS{paper_Pavlovsky_ISTOK16,
  author = {Павловский, Ю. А.},
  title = {Технология программирования многопроцессорной обработки гидроакустических сигналов
    на вычислительных устройствах семейства <<КОМДИВ>>},
  booktitle = {Сборник трудов I научно-практической конференции молодых специалистов
    интегрированнной структуры АО <<Концерн <<Океанприбор>>
    <<ИСТОК-2016>>},
  address = {СПб.},
  pages = {245-249},
  year = 2016,
  language = {russian},
}



%А.Н. Павлов. Инструментальный комплекс «РИО-оптимизатор» для
%разработки прикладного ПО
%с использованием Библиотеки Параллельной Обработки Сигналов
@ARTICLE{paper_Pavlov_NIISI_RIOopt,
  author = {Павлов, А. Н.},
  title = {Инструментальный комплекс <<РИО-оптимизатор>> для
    разработки прикладного ПО
    с использованием Библиотеки Параллельной Обработки Сигналов
  },
  journal = {Труды НИИСИ РАН.
    Математическое и компьютерное моделирование
    сложных систем:
    теоретические и прикладные аспекты },
  year = 2015,
  volume = {5},
  number = {1},
  pages = {64 - 69},
  address = {М.},
  publisher = {ФГУ ФНЦ НИИСИ РАН},
  language = {russian}
}


@ARTICLE{paper_Eflops_sys,
  author = {Гервич, Л. and Штейнберг, Б. and Юрушкин, М.},
  title = {Программирование экзафлопсных систем},
  journal = {Открытые системы},
  year = 2013,
  number = {8},
  pages = {26 - 29},
  language = {russian}
}

@ARTICLE{paper_CPU_GPU_DSP,
  author = {Платашев, Т. and Перминов, И.},
  title = {Гетерогенная архитектура для CPU, GPU и DSP},
  journal = {Открытые системы},
  year = 2013,
  number = {8},
  pages = {? - ?},
  language = {russian}
}

@ARTICLE{paper_CPU_GPU,
  author = {Петрыкин, Д. А.},
  title = {Развитие гетерогенных структур вычислительных систем типа CPU --- GPU},
  journal = {Вопросы радиоэлектроники.
    Электронная вычислительная техника. Вып.1. ОАО <<ЦНИИ Электроника>>},
  year = 2015,
  pages = {31 - 40},
  language = {russian}
}

@ARTICLE{paper_ts201_sovr_el,
  author = {Тумачек, А.},
  title = {Применение платформы ADSP TS201
    для решения задач в реальном
    масштабе времени: методики
    оптимизации программного кода},
  journal = {Современная электроника},
  year = 2009,
  number = {5},
  pages = {? - ?},
  language = {russian},
}

%Мякочин, Ю.О. 32-разрядный суперскалярный DSP-процессор с плавающей точкой //
%Компоненты и технологии. – 2013. – No7.
@ARTICLE{paper_Myakochin_milandr,
  author = {Мякочин, Ю. О.},
  title = {32-разрядный суперскалярный DSP-процессор с плавающей точкой},
  journal = {Компоненты и технологии},
  year = 2013,
  number = {7},
  language = {russian},
}

@INPROCEEDINGS{paper_Pavlov_rapidio1,
  author = {Павлов, А. Н.},
  title = {Обзор коммуникационной среды RapidIO},
  booktitle = {Моделирование и визуализация. Многопроцессорные системы. 
    Инструментальные средства разработки ПО / Сборник статей под редакцией},
  editor = {Бетелин, В. Б.},
  address = {М.},
  publisher = {НИИСИ РАН},
  pages = {105 -- 122},
  year = 2009,
  language = {russian},
}

@INPROCEEDINGS{paper_Pavlov_rapidio2,
    author = {Павлов, А. Н.},
    title = {Программная поддержка RapidIO},
    booktitle = {Моделирование и визуализация. Многопроцессорные системы. 
    Инструментальные средства разработки ПО / Сборник статей под редакцией},
    editor = {Бетелин, В. Б.},
    address = {М.},
    publisher = {НИИСИ РАН},
    pages = {132 -- 147},
    year = 2009,
    language = {russian},
}

@INPROCEEDINGS{paper_Pavlov_rapidio3,
    author = {Павлов, А. Н.},
    title = {Формальная модель RapidIO},
    booktitle = {Моделирование и визуализация. Многопроцессорные системы. 
    Инструментальные средства разработки ПО / Сборник статей под редакцией},
    editor = {Бетелин, В. Б.},
    address = {М.},
    publisher = {НИИСИ РАН},
    pages = {123 -- 141},
    year = 2009,
    language = {russian},
}

@ARTICLE{paper_Vityazev_tms_elbrus,
  author = {Витязев, С. В. and Морозова, С. А. and Савостьянов, В. Ю.},
  title = {Сравнение вычислительных возможностей процессоров <<Эльбрус>> и 
    TMS320C66X в задачах цифровой обработки радиолокационных сигналов},
  journal = {REDS: Телекоммуникационные устройства и системы.},
  year = 2015,
  volume = 5,
  number = {3},
  pages = {272-275},
  language = {russian}
}

@BOOK{book_Vityazev,
  author = {Витязев, С. В.},
  title = {Цифровые процессоры обработки сигналов},
  address = {Рязань},
  publisher = {Изд-во РГРТУ},
  year = 2012,
  language = {russian}
}

%Ким А. К. 
%Российские универсальные микропроцессоры и 
%вычислительные комплексы высокой производительности: результаты и
%взгляд в будущее (к 20-летию ЗАО <<МЦСТ>>) 
%// Вопросы радиоэлектроники. Сер. ЭВТ. — 2012. — No 3. — С. 5—13. —
%URL: http://www.mcst.ru/rossiyskie_universalnye_mikroprotsessory_i_vk
%_vysokoy_proizvoditelnosti (дата обращения: 19.07.2017).
@ARTICLE{paper_Kim,
  author = {Ким, А. В.},
  title = {Российские универсальные микропроцессоры и 
    вычислительные комплексы высокой производительности: результаты и
    взгляд в будущее (к 20-летию ЗАО <<МЦСТ>>) },
  journal = {Вопросы радиоэлектроники},
  year = 2012,
  number = {3},
  pages = {5 - 13},
  language = {russian}
}


%%%%%%%%%%%%%%%%%%%%%%%%%%%%%%%%%%%%%%%%%%%%%%%%%%%%%%%
%Богданов П. Б., Сударева О. Ю. 
%Применение отечественных специализированных процессоров семейства КОМДИВ в научных расчётах 
%// Информационные Технологии и Вычислительные Системы. — 2016. — Т.3. — С. 45—65.
@ARTICLE{paper_Sudareva_1,
  author = {Богданов, П. Б. and Сударева, О. Ю.},
  title = {Применение отечественных специализированных процессоров семейства КОМДИВ в научных расчётах},
  journal = {Информационные Технологии и Вычислительные Системы},
  year = 2016,
  number = {3},
  pages = {45 - 65},
  language = {russian}
}

%Богданов П. Б., Сударева О. Ю. Производительность процессоров
%КОМДИВ на ряде типовых расчётных задач 
%// Информационные Технологии и Вычислительные Системы. — 2017. — Т. 4. — С. 104—111.
@ARTICLE{paper_Sudareva_2,
  author = {Богданов, П. Б. and Сударева, О. Ю.},
  title = {Производительность процессоров КОМДИВ на ряде типовых расчётных задач},
  journal = {Информационные Технологии и Вычислительные Системы},
  year = 2017,
  number = {4},
  pages = {104 - 111},
  language = {russian}
}

%Сударева О. Ю. Развитие микропроцессоров линейки КОМДИВ
%для применений в научных расчётах: 
%предложения по оптимизации архитектуры // Современные научные исследования
%и разработки. — 2018. — No 2(19). — С. 295—301. — URL:
%http://olimpiks.ru/d/1340546/d/zhurnal_219.pdf
%(дата обращения: 15.03.2018).
@ARTICLE{paper_Sudareva_3,
  author = {Сударева, О. Ю.},
  title = {Развитие микропроцессоров линейки КОМДИВ для применений в научных расчётах: 
    предложения по оптимизации архитектуры},
  journal = {Современные научные исследования и разработки},
  year = 2018,
  number = {2(19)},
  pages = {295 - 301},
  language = {russian}
}

%%%%%%%%%%%%%%%%%%%%%%%%%%%%%%%%%%%%%%%%%%%%%%%%%%%%%%%
% Про модели параллельных ВС
%%%%%%%%%%%%%%%%%%%%%%%%%%%%%%%%%%%%%%%%%%%%%%%%%%%%%%%

@article{paper_Hoare,
author = {Hoare, C.},
year = {1978},
pages = {666-677},
title = {Communicating Sequential Process},
volume = {21},
journal = {Communications of the ACM},
doi = {10.1145/359576.359585}
}


@book{book_Bisseling,
author = {Bisseling, Rob},
year = {2004},
pages = {325},
title = {Parallel scientific computation: A structured approach using BSP and MPI},
publisher = {Oxford University Press},
adress = {New York},
isbn = {978-0-19-852939-2}
}

%TACC Technical Report TR-11-03
%2011
@article{paper_Eijkhout_GMPP,
author = {Eijkhout, Victor and Smith, Barry and Arora, Ritu},
year = {2020},
pages = {},
title = {A Global Model for Parallel Programming}
}

@book{book_Eijkhout,
author = {Eijkhout, Victor},
year = {2015},
pages = {},
title = {Introduction to High Performance Scientific Computing}
}

%не скачана
@article{paper_a_closer_look_at_GPGPU,
author = {Hu, Liang and Che, Xilong and Zheng, S.Q.},
year = {2016},
pages = {1-20},
title = {A closer look at GPGPU},
volume = {48},
journal = {ACM Computing Surveys},
doi = {10.1145/2873053}
}


%ешё она модель
@article{article,
author = {Bosakova-Ardenska, Atanaska},
year = {2017},
pages = {30-33},
title = {One Approach for Parallel Algorithms Representation},
journal = {Balkan Journal of Electrical and Computer Engineering},
doi = {10.17694/bajece.334294}
}


@article{paper_Piazza_AbstractMachines,
author = {Piazza, Mario and Pedicini, Marco and Lai, Anna},
year = {2019},
pages = {},
title = {Abstract Machines, Optimal Reduction, and Streams},
volume = {Forthcoming},
journal = {Mathematical Structures in Computer Science},
doi = {10.1017/S096012951900001X}
}


%%%%%%%%%%%%%%%%%%%%%%%%%%%%%%%%%%%%%
% Sequencial model
% PRAM
%%%%%%%%%%%%%%%%%%%%%%%%%%%%%%%%%%%%%%%%%%%%%%%%%%%%%%%%%%%%%%%%%%%%%%%%%%%%%%

%Shepherdson J.C., Sturgis H.E. Computability of Recursive Functions // Journal of the
%ACM. ACM, 1963. Vol. 10, No. 2. P. 217–255. DOI: 10.1145/321160.321170.
@article{paper_RAM1,
author = {Shepherdson, J. C. and Sturgis, H.E.},
year = {1963},
pages = {217-255},
title = {Computability of Recursive Functions},
volume = {10},
number = {2},
journal = {Journal of the ACM},
publisher = {ACM},
doi = {10.1145/321160.321170}
}

%Elgot C.C., Robinson A. Random-Access Stored-Program Machines, an Approach to Pro-
%gramming Languages // Journal of the ACM. ACM, 1964. Vol. 11, No. 4. P. 365–399.
%DOI: 10.1145/321239.321240.
@article{paper_RAM2,
author = {Elgot, C. C. and Robinson, A.},
year = {1964},
pages = {365-399},
title = {Random-Access Stored-Program Machines, an Approach to Programming Languages},
volume = {11},
number = {4},
journal = {Journal of the ACM},
publisher = {ACM},
doi = {10.1145/321239.321240}
}

%Hartmanis J. Computational Complexity of Random Access Stored Program Machines //
%Mathematical Systems Theory. Springer-Verlag, 1971. Vol. 5, No. 3. P. 232–245. DOI:
%10.1007/BF01694180.
@article{paper_RAM3,
author = {Hartmanis, J.},
year = {1971},
pages = {232-245},
title = {Computational Complexity of Random Access Stored Program Machines},
volume = {5},
number = {3},
journal = {Mathematical Systems Theory},
publisher = {Springer-Verlag},
doi = {10.1007/BF01694180}
}

%Cook S.A., Reckhow R.A. Time Bounded Random Access Machines // Journal of Computer and System Sciences.
% Academic Press, 1973. Vol. 7, No. 4. P. 354–375.
%DOI: 10.1016/S0022-0000(73)80029-7.
@article{paper_RAM4,
author = {Cook, S. A. and Reckhow, R. A.},
year = {1973},
pages = {354-375},
title = {Time Bounded Random Access Machines},
volume = {7},
number = {4},
journal = {Journal of Computer and System Sciences},
publisher = {Academic Press},
doi = {10.1016/S0022-0000(73)80029-7}
}

%Aho A. V., Hopcroft J.E., Ullman J.D. The Design and Analysis of Computer Algorithms.
%London, Amsterdam, Don Mills, Ontario, Sydney: Addison-Wesley, 1974. 470 p.
@BOOK{book_AHU,
author = {Aho, A. V. and Hopcroft, J. E. and Ullman, J. D.},
year = {1974},
numpages = {470},
title = {The Design and Analysis of Computer Algorithms},
publisher = {Addison-Wesley},
address = {London, Amsterdam, Don Mills, Ontario, Sydney},
}

%%%%%%%%%%%%%%%%%%%%%%%%%%%%%%%%%%%%%%%%%%%%%%%%%%%%%%%%%%%%%%%%%%%%%%%%%%%%%%

%%
% Обзоры
%%

@ARTICLE{paper_LMR,
  author = {Zhiyong, Li  and Mills, P. H. and Reif, J. H.},
  title = {Models and resource metrics for parallel and distributed computation},
  journal = {Parallel Algorithms and Applications},
  year = 1996,
  number = {8},
  pages = {35 -- 59},
}

@INPROCEEDINGS{paper_MMT,
  author = {Maggs, B. M. and Matheson, L. R. and Tarjan, R. E.},
  title = {Models of parallel computation: a survey and synthesis},
  booktitle = {Proceedings of the 28th Hawaii International Conference
    on System Sciences},
    publisher = {IEEE Press},
    volume =  2,
    pages = {61 -- 70},
    year = 1995,
}

@incollection{chapter_Real_Comp_Models,
  author = {Ajwani, D. and Meyerhenke, H},
  title = {Realistic Computer Models},
  booktitle = {Lecture Notes in Computer Science},
  year = {2010},
  chapter = {5},
  pages = {207-511},
}


%Campbell D.K.G. A Survey of Models of Parallel Computation.
%Technical Report No.YCS-97-278. 1997. 37 p.
@techreport{tr_Campbell,
    author = {Campbell, D. K. G.},
    title = {A Survey of Models of Parallel Computation},
    number = {Technical Report No.YCS-97-278},
    year = {1997},
}

%Skillicorn D.B., Talia D. Models and Languages for Parallel Computation //
%ACM Computing Surveys. 1998. Vol. 30, No. 2. P. 123–169. DOI: 10.1145/280277.280278.
@article{paper_Sk_T,
author = {Skillicorn, D. B. and Talia, D.},
year = {1998},
pages = {123-169},
title = {Models and Languages for Parallel Computation},
volume = {30},
number = {2},
journal = {ACM Computing Surveys},
doi = {10.1145/280277.280278}
}

%Zhang Y. et al. Models of Parallel Computation: a Survey and Classification // Frontiers
%of Computer Science in China. Higher Education Press, 2007. Vol. 1, No. 2. P. 156–165.
%DOI: 10.1007/s11704-007-0016-1.
@article{paper_Zhang_survey,
author = {Zhang, Y. et al.},
year = {2007},
pages = {156-165},
title = {Models of Parallel Computation: a Survey and Classification},
volume = {1},
number = {2},
journal = {Frontiers of Computer Science in China},
publisher = {Higher Education Press},
doi = {10.1007/s11704-007-0016-1}
}

%Rico-Gallego J.A. et al.
%A Survey of Communication Performance Models for High-Performance Computing
%// ACM Computing Surveys. ACM, 2019. Vol. 51, No. 6. P. 1–36.
%DOI: 10.1145/3284358.
@article{paper_Rico_survey,
author = {Rico-Gallego, J.A. et al.},
year = {2019},
pages = {1-36},
title = {A Survey of Communication Performance Models for High-Performance Computing},
volume = {51},
number = {6},
journal = {ACM Computing Surveys},
publisher = {ACM},
doi = {10.1145/3284358}
}

%Ежова Н.А., Соколинский Л.Б. Обзор моделей параллельных вычислений // Вестник
%ЮУрГУ. Серия: Вычислительная математика и информатика. 2019. Т. 8, No 3. С. 58–91.
%DOI: 10.14529/cmse190304.
@article{paper_Ezhova_Sok_survey,
author = {Ежова, Н. А. and Соколинский, Л. Б.},
year = {2019},
pages = {58-91},
title = {Обзор моделей параллельных вычислений},
volume = {8},
number = {3},
journal = {Вестник ЮУрГУ.
  Серия: Вычислительная математика и информатика},
language = {russian},
doi = {10.14529/cmse190304},
}

%Ежова Н.А., Соколинский Л.Б. Модель параллельных вычислений для
%многопроцессорных систем с распределенной памятью // Вестник
%ЮУрГУ. Серия Вычислительная математика и информатика. 2018.
%Vol. 7, no. 2. P. 32–49. DOI:10.14529/cmse180203.
@article{paper_Ezhova_Sok_BSF,
author = {Ежова, Н. А. and Соколинский, Л. Б.},
year = {2018},
pages = {32-49},
title = {Модель параллельных вычислений для многопроцессорных систем с распределенной памятью},
volume = {7},
number = {2},
journal = {Вестник ЮУрГУ.
  Серия: Вычислительная математика и информатика},
language = {russian},
doi = {10.14529/cmse180203},
}

%Hageman L.A., Young D.M. Applied iterative methods. New York,
%London, Toronto, Sydney, San Francisco: Academic Press, 1981. 386 p.
@Book{book_iterative_alg,
  author = {Hageman, L. A. and Young, D. M.},
  title = {Applied iterative methods},
  publisher = {Academic Press},
  adress = {New York, London, Toronto, Sydney, San Francisco},
  numpages = {386},
  year = 1981,
  }

%Silva L.M., Buyya R. Parallel programming models and paradigms // High
%Performance Cluster Computing: Architectures and Systems. Vol. 2. 1999.
%P. 4–27
@article{paper_master_slave_1,
  author = {Silva, L. M. and Buyya, R.},
  title = {Parallel programming models and paradigms},
  journal = {High Performance Cluster Computing: Architectures and Systems},
  volume = {2},
  year = {1999},
  pages = {4-27},
}

%Sahni S., Vairaktarakis G. The master-slave paradigm in parallel computer
%and industrial settings // J. Glob. Optim. 1996. Vol. 9, no. 3–4. P. 357–377.
%DOI:10.1007/BF00121679.
@article{paper_master_slave_2,
  author = {Sahni, S. and Vairaktarakis, G.},
  title = {The master-slave paradigm in parallel computer and industrial settings},
  journal = {J. Glob. Optim.},
  volume = {9},
  number = {3--4},
  year = {1996},
  pages = {357-377},
}


%Grama A. et al. Architecture Independent Analysis of Parallel Programs // Proceedings
%of the International Conference on Computational Science — ICCS’01. Part II. Lecture
%Notes in Computer Science, Vol. 2074. Berlin, Heidelberg: Springer, 2001. P. 599–608.
%DOI: 10.1007/3-540-45718-6_65.
@article{paper_Grama_survey,
author = {Grama, Ananth and Kumar, Vipin and  Ranka, Sanjay and Singh, Vineet},
year = {1996},
pages = {},
title = {On Architecture Independent Design and Analysis of Parallel Programs}
}

%%%%%%%%%%%%%%%%%%%%%%%%%%%%%%%%%%%%%%%%%%%%%%%%%%%%%%
%%%%%%%%%%%%%%%%%%%%%%%%%%%%%%%%%%%%%%%%%%%%%%%%%%%%%%%

%Murray Cole.
%Bringing skeletons out of the closet: A pragmatic manifesto for skeletal parallel programming.
%Parallel Computing , 30(3):389406, 2004.
@article{paper_MurrayCole_skeletons,
author = {Cole, M.},
year = {2004},
journal = {Parallel Computing},
pages = {389-406},
volume = {30(3)},
title = {Bringing skeletons out of the closet:
  A pragmatic manifesto for skeletal parallel programming},
}

%Cole M.I. Algorithmic Skeletons: Structured Management of Parallel Computation. 
%Cambridge, MA, USA: MIT Press, 1991. 170 p.
@Book{book_ASk_Cole,
  author = {Cole, M. I.},
  title = {Algorithmic Skeletons: Structured Management of Parallel Computation},
  adress = {Cambridge, MA, USA},
  publisher = {MIT Press},
  numpages = {170},
  year = 1991,
  }


%Gonzalez-Velez H., Leyton M. A survey of algorithmic skeleton
%frameworks: high-level structured parallel programming enablers // Softw.
%Pract. Exp. John Wiley & Sons, Ltd., 2010. Vol. 40, no. 12. P. 1135–1160.
%DOI:10.1002/spe.1026.
@article{paper_GVL_skeleton_survey,
author = {Gonzalez-Velez, H. and Leyton, M. A},
year = {2010},
journal = {Softw. Pract. Exp.},
publisher = {John Wiley \& Sons, Ltd.},
pages = {1135-1160},
volume = {40},
number = {12},
title = {A survey of algorithmic skeleton
frameworks: high-level structured parallel programming enablers},
}


% Sergei Gorlatch, Murray Cole
%Parallel Skeletons // Encyclopedia of Parallel Computing.
%Boston, MA: Springer US, 2011. P. 1417–1422. DOI:10.1007/978-0-387-
%09766-4_24.
@incollection{chapter_skeletons,
  author = {Gorlatch, S. and Cole, M.},
  editor = {Padua, D},
  title = {Parallel Skeletons},
  booktitle = {Encyclopedia of Parallel Computing},
  year = {2011},
  pages = {1417-1422},
  publisher = {Springer US},
  address = {Boston, MA},
}
@Book{book_encyclopedia_parallel_comp,
  title = {Encyclopedia of Parallel Computing},
  publisher = {Springer},
  numpages = {2196},
  year = 2011,
  doi = {10.1007/978-0-387-09766-4},
  editor = {Padua, D}
  }


%Bird R., Moor O. De. Algebra of programming. Prentice Hall, 1997. 295 p.
@Book{book_BMF_1,
  author = {Bird, R. and Moor, O. De.},
  title = {Algebra of programming},
  publisher = {Prentice Hall},
  numpages = {295},
  year = 1997,
  }


%Bird R.S. Lectures on Constructive Functional Programming //
%Constructive Methods in Computing Science. NATO ASI Series F:
%Computer and Systems Sciences, vol. 55 / ed. Broy M. Berlin, Heidlberg:
%Springer, 1988. P. 151–216.
@incollection{chapter_BMF_2,
  author = {Bird, R.},
  editor = {Broy, M.},
  title = {Lectures on Constructive Functional Programming},
  booktitle = {Constructive Methods in Computing Science. NATO ASI
    Series F:Computer and Systems Sciences,},
  year = {1988},
  pages = {151-216},
  volume = {55},
  publisher = {Springer US},
  address = {Berlin, Heidlberg},
}





%%%%%%%%%%%%%%%%%%%%%%%%%%%%%%%%%%%%%%%%%%%%%%%%%
@article{paper_Towards_Parralel_Comp_on_the_Internet,
author = {Sundararajan, Elankovan and Harwood, Aaron},
year = {2007},
pages = {},
title = {Towards Parallel Computing on the Internet: Applications, Architectures,
  Models and Programming Tools}
}

@inproceedings{paper_Plauth17,
author = {Plauth, Max and Sterz, Christoph and Eberhardt, Felix and Feinbube, Frank and Polze, Andreas},
year = {2017},
pages = {904-913},
title = {Assessing NUMA Performance Based on Hardware Event Counters},
doi = {10.1109/IPDPSW.2017.51}
}



%%
%HMM
%%
@inproceedings{paper_HMM_87,
author = {Aggarwal, A. and Alpern, B. and Chandra, A. and Snir, M.},
year = {1987},
pages = {305-314},
title = {A Model for Hierarchical Memory},
volume = {140},
journal = {Physica A-statistical Mechanics and Its Applications - PHYSICA A},
adress = {New York, USA},
publisher = {ACM Press}
}

%A. Aggarwal, A.K. Chandra, and M. Snir. Hierarchical memory with block transfer.
%In Proc. 28th Annual IEEE Symposium on Foundations of Computer Science (FOCS 87),
%pages 204–216, 1987.
@inproceedings{paper_HMMBT_87,
author = {Aggarwal, A. and Chandra, A. and Snir, M.},
year = {1987},
pages = {204-216},
title = {Hierarchical memory with block transfer},
journal = {Proc. 28th Annual IEEE Symposium on Foundations of Computer Science (FOCS 87)},
}

%%
%PMH
%%
%B. Alpern, L. Carter, E. Feig, and T. Selker.
%The uniform memory hierarchy model of computation.
%Algorithmica, 12(2/3):72–109, 1994.
@article{paper_Alpern_UMH_94,
  author = {Alpern, B. and Carter, L. and Feig, E. and Selker, T.},
  year = {1994},
  pages = {72-109},
  title = {The uniform memory hierarchy model of computation},
  volume = {12},
  number = {2/3},
  journal = {Algorithmica},
}


%%
%P-HMM
%%

%J. S. Vitter and E. A. M. Shriver.
%Optimal disk i/o with parallel block transfer. In STOC ’90: Proceedings
%of the twenty-second annual ACM symposium on Theory of computing, pages 159–169, New York, NY,
%USA, 1990. ACM Press.
@inproceedings{paper_VS_PHMM_90,
author = {Vitter, J. and Shriver, E.},
year = {1990},
pages = {159-169},
title = {Optimal disk i/o with parallel block transfer},
journal = {STOC ’90: Proc. of the 22nd ACM Symposium on Theory of Computing},
adress = {New York, USA},
publisher = {ACM Press},
}

%J.S. Vitter and E. A. M. Shriver.
%Algorithms for Parallel Memory II: Hierarchical Multilevel Memories.
%Algorithmica, 12(2/3):148–169, 1994.
@article{paper_VS_PHMM_94,
  author = {Vitter, J. and Shriver, E.},
  year = {1994},
  pages = {148-169},
  title = {Algorithms for Parallel Memory II: Hierarchical Multilevel Memories},
  volume = {12},
  number = {2/3},
  journal = {Algorithmica},
}


%%
%PMH
%%
%B. Alpern, L. Carter, and J. Ferrante.
%Modeling parallel computers as memory hierarchies.
%In W. K. Giloi, S. Jahnichen, and B. D. Shriver, editors,
%Proc. Programming Models for Massively Parallel Computers,
%pages 116–123. IEEE Computer Society Press, Sept. 1993.


@inproceedings{paper_HMM_Savage_95,
author = {Savage, John},
year = {1995},
pages = {270-281},
title = {Extending the Hong-Kung Model to Memory Hierarchies.},
volume = {959},
journal = {Computing and Combinatorics},
doi = {10.1007/BFb0030842}
}


@article{paper_SavageZ09,
  author    = {John E. Savage and
    Mohammad Zubair},
  title     = {Evaluating multicore algorithms on the unified memory model},
  journal   = {Scientific Programming},
  volume    = {17},
  number    = {4},
  pages     = {295--308},
  year      = {2009},
  url       = {https://doi.org/10.3233/SPR-2009-0290},
  doi       = {10.3233/SPR-2009-0290},
  timestamp = {Sun, 28 May 2017 13:22:10 +0200},
  biburl    = {https://dblp.org/rec/journals/sp/SavageZ09.bib},
  bibsource = {dblp computer science bibliography, https://dblp.org}
}

@inproceedings{paper_Nakano_HMMforGPU,
author = {Nakano, Koji},
year = {2013},
pages = {591-600},
title = {The Hierarchical Memory Machine Model for GPUs},
isbn = {978-0-7695-4979-8},
journal = {Proceedings - IEEE 27th International Parallel and Distributed Processing Symposium Workshops and PhD Forum, IPDPSW 2013},
doi = {10.1109/IPDPSW.2013.17}
}

% не скачана
@inproceedings{paper_Carroll_GPU_model,
author = {Carroll, Thomas and Wong, Prudence W. H.},
year = {2017},
pages = {113-120},
title = {An Improved Abstract GPU Model with Data Transfer},
doi = {10.1109/ICPPW.2017.28}
}


%%
%%BSP
%%

@article{paper_Val_multiBSP_08,
  author = {Valiant, L. G.},
  year = {2008},
  pages = {154-166},
  title = {A Bridging Model for Multi-core Computing},
  volume = {77},
  journal = {Journal of Computer and System Sciences},
  doi = {10.1016/j.jcss.2010.06.012}
}
  
@article{paper_Val_BSP_90,
  author = {Valiant, L. G.},
  title = {A bridging model for parallel computation},
  journal = {Communications of the ASM},
  year = 1990,
  number = {33 (8)},
  pages = {103-111},
}

@incollection{chapter_Val90b,
  author = {Valiant, L. G.},
  editor = {van Leeuwen, Jan},
  title = {General purpose parallel architectures},
  booktitle = {Handbook of Theoretical Computer Science (Vol. A): Algorithms and Complexity},
  year = {1990},
  chapter = {18},
  pages = {943-971},
  publisher = {MIT Press},
  address = {Cambridge, MA, USA},
}

@article{paper_BSP_part_synch,
author = {Stewart, Alan},
year = {2011},
pages = {421-432},
title = {A programming model for BSP with partitioned synchronisation},
volume = {23},
journal = {Formal Asp. Comput.},
doi = {10.1007/s00165-010-0163-2}
}

@inproceedings{paper_BSPCloud,
author = {Liu, Xiaodong and Tong, Weiqin and Hou, Yan},
year = {2012},
pages = {1109-1113},
title = {BSPCloud: A Programming Model for Cloud Computing},
isbn = {978-1-4673-4873-7},
doi = {10.1109/CIT.2012.225}
}

%B. Babcock, S. Babu, M. Datar, R. Motwani, J. Widom, Models and
%issues in data stream systems, in: Proceedings of the Twenty-first ACM
%SIGMOD-SIGACT-SIGART Symposium on Principles of Database Systems,
%2002, pp. 1–16. doi:10.1145/543614.543615.
%URL http://portal.acm.org/citation.cfm?doid=543613.543615
@inproceedings{paper_Stream_systems,
author = {Babcock, B. and Babu, S. and Datar, M. and Motwani, R. and Widom, J.},
year = {2002},
pages = {1-16},
title = {Models and issues in data stream systems},
booktitle = {Proceedings of the Twenty-first ACM SIGMOD-SIGACT-SIGART
  Symposium on Principles of Database Systems},
url = {http://portal.acm.org/citation.cfm?doid=543613.543615},
doi = {10.1145/543614.543615}
}

article{paper_Bisseling_libMultiBSP,
author = {Yzelman, Albert-Jan and Bisseling, R. and Roose, Dirk and Meerbergen, Karl},
year = {2014},
pages = {},
title = {MulticoreBSP for C: A High-Performance Library for Shared-Memory Parallel Programming},
volume = {42},
journal = {International Journal of Parallel Programming},
doi = {10.1007/s10766-013-0262-9}
}

@article{paper_Gerbess_MBSP,
author = {Gerbessiotis, A. },
year = {2015},
pages = {90-102},
title = {Extending the BSP model for multi-core and out-of-core computing: MBSP},
volume = {41},
journal = {Parallel Computing},
publisher = {Elsevier B. V.},
doi = {10.1016/j.parco.2014.12.002}
}

@article{paper_BSPStreaming,
author = {Buurlage, Jan-Willem and Bannink, Tom and Wits, Abe},
year = {2016},
title = {Bulk-synchronous pseudo-streaming algorithms for many-core accelerators},
url = {http://arXiv.org/abs/1608.07200},
}


@article{paper_Rakotoarivelo,
author = {Rakotoarivelo, Hoby and Ledoux, Franck and Pommereau, Franck},
year = {2016},
pages = {123-135},
title = {Fine-grained Locality-aware Parallel Scheme for Anisotropic Mesh Adaptation},
volume = {163},
journal = {Procedia Engineering},
doi = {10.1016/j.proeng.2016.11.035}
}

@inbook{inbook_Sokolinsky,
author = {Sokolinsky, Leonid},
year = {2018},
pages = {},
title = {BSF: модель параллельных вычислений для многопроцессорных систем с распределенной памятью},
language = {Russian},
}

@article{paper_Sokolinsky,
author = {Sokolinsky, Leonid},
year = {2017},
pages = {},
title = {Analytical Estimation of the Scalability of Iterative Numerical Algorithms on Distributed Memory Multiprocessors},
volume = {39},
journal = {Lobachevskii Journal of Mathematics},
doi = {10.1134/S1995080218040121}
}

@inproceedings{paper_Ezhova_Sokolinsky,
author = {Ezhova, Nadezhda and Sokolinsky, Leonid},
year = {2018},
pages = {1-10},
title = {Scalability Evaluation of Iterative Algorithms Used
  for Supercomputer Simulation of Physical processes},
doi = {10.1109/GloSIC.2018.8570131}
}


@inproceedings{paper_logP,
  author = {Culler, D. and Karp, R. and Patterson, D.
    and Sahay, A. and Schauser, K. and Santos, E.
    and Subramonian, R. and von Eicken, T.},
  year = {1993},
  pages = {1-12},
  title = {LogP: Towards a Realistic Model of Parallel Computation},
  booktitle = {Proc. of the fourth ACM SIGPLAN symposium on
    Principles and practice of parallel programming -- PPOPP’93},
  adress = {New York, USA},
  publisher = {ACM Press},
}

%Alexandrov A. et al. LogGP: Incorporating Long Messages into the LogP
%Model for Parallel Computation // J. Parallel Distrib. Comput. 1997.
%Vol. 44, no. 1. P. 71–79.
%DOI:10.1006/jpdc.1997.1346.
@article{paper_logGP,
  author = {Alexandrov, A. and et al.},
  year = {1997},
  pages = {71-79},
  title = {LogGP: Incorporating Long Messages into the LogP Model for Parallel Computation},
  volume = {44},
  number = {1},
  journal = {J. Parallel Distrib. Comput.},
}

%Bosque J.L., Pastor L. A parallel computational model for heterogeneous
%clusters // IEEE Trans. Parallel Distrib. Syst. 2006. Vol. 17, no. 12. P.
%1390–1400. DOI:10.1109/TPDS.2006.165.
@article{paper_HlogGP,
  author = {Bosque, J. L. and Pastor, L.},
  year = {2006},
  pages = {1390-1400},
  title = {A parallel computational model for heterogeneous clusters},
  volume = {17},
  number = {12},
  journal = {IEEE Trans. Parallel Distrib. Syst.},
}

%Yuan L. et al.
%LogGPH: A Parallel Computational Model with Hierarchical
%Communication Awareness // Proceedings of the 2010 13th IEEE
%International Conference on Computational Science and Engineering -
%CSE’10. Washington, DC, US: IEEE Computer Society, 2010. P. 268–274.
%DOI:10.1109/CSE.2010.40.
@inproceedings{paper_LogGPH,
  author = {Yuan, L. and et al.},
  year = {2010},
  pages = {268-274},
  title = {LogGPH: A Parallel Computational Model with Hierarchical Communication Awareness },
  booktitle = {Proc. of the 2010 13th IEEE
    International Conference on Computational Science and Engineering --
    CSE’10},
  adress = {Washington, DC, US},
  publisher = {IEEE Computer Society},
}


%Ino F., Fujimoto N., Hagihara K. LogGPS: A parallel computational model
%for synchronization analysis // ACM SIGPLAN Not. 2001. Vol. 36, no. 7.
%P. 133–142. DOI:10.1145/568014.379592.
@article{paper_logGPS,
  author = {Ino, F. and Fujimoto, N. and Hagihara, K.},
  year = {2001},
  pages = {133-142},
  title = {LogGPS: A parallel computational model for synchronization analysis},
  volume = {36},
  number = {7},
  journal = {ACM SIGPLAN Not.},
}

%113. Moritz C.A., Frank M.I. LoGPC: Modeling network contention in
%messagepassing programs // IEEE Trans. Parallel Distrib. Syst. 2001. Vol. 12, no. 4.
%P. 404–415. DOI:10.1109/71.920589.
@article{paper_loGPC_01,
  author = {Moritz, C. A. and Frank, M. I.},
  year = {2001},
  pages = {404-415},
  title = {LoGPC: Modeling network contention in messagepassing programs},
  volume = {12},
  number = {4},
  journal = {IEEE Trans. Parallel Distrib. Syst.},
}


%114. Moritz C.A., Frank M.I. LoGPC: Modeling Network Contention in
%Message-Passing Programs // ACM SIGMETRICS Perform. Eval. Rev.
%New York, New York, USA: ACM Press, 1998. Vol. 26, no. 1. P. 254–263.
%DOI:10.1145/277851.277933.
@article{paper_loGPC_98,
  author = {Moritz, C. A. and Frank, M. I.},
  year = {1998},
  pages = {254-263},
  title = {LoGPC: Modeling Network Contention in Message-Passing Programs},
  volume = {26},
  number = {1},
  journal = {ACM SIGMETRICS Perform. Eval. Rev.},
  adress = {New York, USA},
  publisher = {ACM Press},
}


%Kielmann T., Bal H.E., Verstoep K. Fast Measurement of LogP Parameters
%for Message Passing Platforms // Parallel and Distributed Processing.
%IPDPS 2000. Lecture Notes in Computer Science, vol 1800. Berlin,
%Heidelberg: Springer, 2000. P. 1176–1183.
%DOI:10.1007/3-540-45591-4_162.
@inproceedings{paper_PlogP,
  author = {Kielmann, T. and Bal, H. E. and Verstoep, K.},
  year = {2000},
  pages = {1176-1183},
  title = {Fast Measurement of LogP Parameters for Message Passing Platforms},
  booktitle = {Parallel and Distributed Processing.
    IPDPS 2000.
    Lecture Notes in Computer Science},
  volume = {1800},
  adress = {Berlin, Heidelberg},
  publisher = {Springer},
}

%Touyama T., Horiguchi S. Parallel computation model LogPQ // High
%Performance Computing. ISHPC 1997. Lecture Notes in Computer
%Science, vol 1336 / ed. Polychronopoulos C., Joe K., Araki K. A.M. Berlin,
%Heidelberg: Springer, 1997. P. 327–334. DOI:10.1007/BFb0024227.
@inproceedings{paper_LogPQ,
  author = {Touyama, T. and Horiguchi, S.},
  year = {1997},
  pages = {327-334},
  title = {Parallel computation model LogPQ},
  booktitle = {High Performance Computing. ISHPC 1997.
    Lecture Notes in Computer Science},
  volume = {1336},
  adress = {Berlin, Heidelberg},
  publisher = {Springer},
}

%Cameron K.W., Ge R. Predicting and Evaluating Distributed
%Communication Performance // Proceedings of the 2004 ACM/IEEE
%Conference on Supercomputing. IEEE, 2004. P. 15.
%DOI:10.1109/SC.2004.40.
@inproceedings{paper_lognP_0,
  author = {Cameron, K. W. and Ge, R.},
  year = {2004},
  pages = {15},
  title = {Predicting and Evaluating Distributed Communication Performance},
  booktitle = {Proceedings of the 2004 ACM/IEEE
    Conference on Supercomputing},
}


%Cameron K.W., Ge R., Sun X.-H. lognP and log3P: Accurate Analytical
%Models of Point-to-point Communication in Distributed Systems // IEEE
%Trans. Comput. 2007. Vol. 56, no. 3. P. 314–327.
%DOI:10.1109/TC.2007.38.
@article{paper_lognP,
  author = {Cameron, K. W. and Ge, R. and Sun, X.-H.},
  year = {2007},
  pages = {314-327},
  title = {lognP and log3P: Accurate Analytical
    Models of Point-to-point Communication in Distributed Systems},
  volume = {56},
  number = {3},
  journal = {IEEE Trans. Comput.},
}

%Tu B. et al. Performance analysis and optimization of MPI collective
%operations on multi-core clusters // J. Supercomput. Springer US, 2012.
%Vol. 60, no. 1. P. 141–162. DOI:10.1007/s11227-009-0296-3.
@article{paper_mlognP,
  author = {Tu,B. and et al.},
  year = {2012},
  pages = {141-162},
  title = {Performance analysis and optimization of MPI collective
    operations on multi-core clusters },
  volume = {60},
  number = {1},
  journal = {J. Supercomput},
  publisher = {Springer US},
}

%Lu F., Song J., Pang Y. HLognGP: A parallel computation model for GPU
%clusters // Concurr. Comput. Pract. Exp. 2015. Vol. 27, no. 17. P. 4880–
%4896. DOI:10.1002/cpe.3475.
@article{paper_HLognGP,
  author = {Lu, F. and Song, J. and Pang, Y.},
  year = {2015},
  pages = {4880-4896},
  title = {HLognGP: A parallel computation model for GPU clusters},
  volume = {27},
  number = {17},
  journal = {Concurr. Comput. Pract. Exp.},
}



%%%%%%%%%%%%%%%%%%%%%%%%%%%%%%%%%%%%%%%%%%%%%%%%%%%%%%%%%%%%%%%%%%%%%%%%%%%%%%%%
%%%%%%%%%%%%%%%%%%%%%%%%%%%%%%%%%%%%%%%%%%%%%%%%%%%%%%%%%%%%%%%%%%%%%%%%%%%%%%%%

@article{paper_Luke_QSM_part1,
author = {Zope, Anup and Luke, Edward},
year = {2018},
pages = {},
title = {Queue Streaming Model, Part 1: Theory}
}
%
@article{paper_Luke_QSM_part2,
author = {Zope, Anup ando Luke, Edward},
year = {2018},
pages = {},
title = {Queue Streaming Model, Part 2: Algorithms}
}

@article{paper_Luke,
author = {Zope, Anup and Luke, Edward},
year = {2019},
pages = {70-96},
title = {A Shared Memory Parallel Block Streaming Model for Irregular Applications},
volume = {9},
journal = {International Journal of Networking and Computing},
doi = {10.15803/ijnc.9.1_70}
}
%%

%не скачана
inproceedings{paper_BSP_DellAMD,
author = {Trabes, Guillermo and Costa, Veronica and Printista, Marcela and Mar n, Mauricio},
year = {2018},
pages = {579-587},
title = {Multi-BSP vs. BSP: A Case of Study for Dell AMD Multicores},
doi = {10.1109/PDP2018.2018.00098}
}

%%
article{paper_bsp_in_ml,
author = {Allombert, V. and Gava, F.},
year = {2019},
pages = {},
title = {Programming bsp and multi-bsp algorithms in ml},
journal = {The Journal of Supercomputing},
doi = {10.1007/s11227-019-02822-9}
}

%%
@article{paper_parallel_vision_syst,
author = {Arrova Dewi, Deshinta and Sundararajan, Elankovan},
year = {2018},
pages = {157-161},
title = {Extended Design Science Research Methodology for parallel vision system},
volume = {7},
journal = {International Journal of Engineering and Technology(UAE)}
}

%%
@article{paper_semi_auto_multiBSP,
author = {Alaniz, M.A. and C novas, Sergio},
year = {2019},
pages = {97-120},
title = {A semi-automatic approach for parallel problem solving using the Multi-BSP model},
volume = {31},
journal = {Proceedings of the Institute for System Programming of the RAS},
doi = {10.15514/ISPRAS-2019-31(2)-8}
}


%%
@article{paper_axion_and_char_BSP_alg,
author = {Marquer, Y. and Gava, F.},
year = {2019},
pages = {100479},
title = {Axiomatization and characterization of BSP algorithms},
volume = {109},
journal = {Journal of Logic and Algebraic Programming},
doi = {10.1016/j.jlamp.2019.100479}
}



@ARTICLE{paper_Tis,
  author = {Tiskin, A.},
  title = {The bulk-synchronous parallel random accsess machine},
  journal = {Theoretical Computer Science},
  year = 1998,
  number = {196},
  pages = {109-130},
}

%W. F. McColl, a. Tiskin, Memory-Efficient Matrix Multiplica-
%tion in the BSP Model, Algorithmica 24 (3-4) (1999) 287–297.
%doi:10.1007/PL00008264.
@ARTICLE{paper_McColl_Tis,
  author = {McColl, W. F. and Tiskin, A.},
  title = {Memory-Efficient Matrix Multiplication in the BSP Model},
  journal = {Algorithmica},
  year = 1999,
  number = {24 (3--4)},
  pages = {287-297},
}

@INPROCEEDINGS{paper_McColl_GPPC,
  author = {McColl, W. F.},
  title = {General Purpose Parallel Computing},
  editor = {Gibson, A. and Spirakis, P.},
  booktitle = {Lectures on Parallel Computation},
  publisher = {Cambridge University Press},
  volume = {4 of Cambrige International Series on Parallel Computation},
  pages = {337 -- 391},
  year = 1993,
}

@INPROCEEDINGS{paper_McColl_SPPC,
  author = {McColl, W. F.},
  title = {Special Purpose Parallel Computing},
  editor = {Gibson, A. and Spirakis, P.},
  booktitle = {Lectures on Parallel Computation},
  publisher = {Cambridge University Press},
  volume = {4 of Cambrige International Series on Parallel Computation},
  pages = {?? -- ??},
  year = 1993,
}

%%
% PRAM
%%

%R M Karp and V Ramachandran. Parallel algorithms for shared-memory machines. In J van
%Leeuwen, editor, Handbook of Theoretical Computer Science: Volume A, Algorithms and
%Complexity, pages 869{941. North Holland, 1990
@INPROCEEDINGS{paper_KR_PRAM,
  author = {Karp, R. M.  and Ramachandran, V.},
  title = {Parallel algorithms for shared-memory machines},
  editor = {Leeuwen, J},
  booktitle = {Handbook of Theoretical Computer Science},
  publisher = {North Holland},
  volume = {Volume A, Algorithms and Complexity},
  pages = {869-941},
  year = 1990,
}

%S Fortune and J Wyllie. Parallelism in random access machines. In Proc. 10th Annual ACM
%Symposium on Theory of Computing, pages 114-118, 1978.
@INPROCEEDINGS{paper_FW_PRAM,
  author = {Fortune, S. and Wyllie, J},
  title = {Parallelism in random access machines},
  booktitle = {Proc. 10th Annual ACM Symposium on Theory of Computing},
  pages = {114 -- 118},
  year = 1978,
}

%36. JaJa J.F. PRAM (Parallel Random Access Machines) // Encyclopedia of Parallel Compu-
%ting. Boston, MA: Springer US, 2011. P. 1608–1615. DOI: 10.1007/978-0-387-09766-4_23.
@INPROCEEDINGS{chapter_JaJa_PRAM,
  author = {JaJa, J. F.},
  title = {PRAM (Parallel Random Access Machines)},
  booktitle = {Encyclopedia of Parallel Computing},
  adress = {Boston, MA},
  publisher = {Springer US},
  pages = {1608-1615},
  year = 2011,
  doi = {10.1007/978-0-387-09766-4_23}
}

%37. Goldschlager L.M. A Unified Approach to Models of Synchronous Parallel Machines //
%Proceedings of the Tenth Annual ACM Symposium on Theory of Computing — STOC’78.
%New York, New York, USA: ACM Press, 1978. P. 89–94. DOI: 10.1145/800133.804336.
@INPROCEEDINGS{paper_Golds_PRAM,
  author = {Goldschlager, L. M.},
  title = {A Unified Approach to Models of Synchronous Parallel Machines},
  booktitle = {Proceedings of the Tenth Annual ACM Symposium on Theory of Computing — STOC’78},
  adress = {New York, USA},
  publisher = {ACM Press},
  pages = {89-94},
  year = 1978,
  doi = {10.1145/800133.804336}
}

%38. Ladner R.E., Fischer M.J. Parallel Prefix Computation // Journal of the ACM. 1980.
%Vol. 27, No. 4. P. 831–838. DOI: 10.1145/322217.322232.
@ARTICLE{paper_Ladner_PRAM,
  author = {Ladner, R. E. and Fischer, M. J.},
  title = {Parallel Prefix Computation},
  journal = {Journal of the ACM},
  year = 1980,
  number = {4},
  volume = {27},
  pages = {831-838},
  doi = {10.1145/322217.322232}
}

%39. JaJa J.F. An Introduction to Parallel Algorithms. Redwood City, CA, USA: Addison Wes-
%ley Publishing Co., Reading, 1992. 576 p.


%Mehlhorn K., Vishkin U. Randomized and Deterministic Simulations of PRAMs by Par-
%allel Machines with Restricted Granularity of Parallel Memories // Acta Informatica.
%Springer-Verlag, 1984. Vol. 21, No. 4. P. 339–374. DOI: 10.1007/BF00264615.
@ARTICLE{paper_modulePRAM,
  author = {Mehlhorn,  K. and Vishkin, U.},
  title = {Randomized and Deterministic Simulations of PRAMs by Parallel Machines with Restricted Granularity of Parallel Memories},
  journal = {Acta Informatica},
  year = 1984,
  number = {21},
  volume = {4},
  pages = {339-374},
  doi = {10.1007/BF00264615}
}

%Gibbons P.B., Matias Y., Ramachandran V. The Queue-Read Queue-Write PRAM Model:
%Accounting for Contention in Parallel Algorithms // SIAM Journal on Computing. 1998.
%Vol. 28, No. 2. P. 733–769. DOI: 10.1137/S009753979427491.
@ARTICLE{paper_QRQWPRAM,
  author = {Gibbons, P. B. and Matias, Y. and Ramachandran, V.},
  title = {The Queue-Read Queue-Write PRAM Model: Accounting for Contention in Parallel Algorithms},
  journal = {SIAM Journal on Computing},
  year = 1998,
  number = {28},
  volume = {2},
  pages = {733-769},
  doi = {10.1137/S009753979427491}
}

%Gibbons P.B., Matias Y. Can a Shared-Memory Model Serve as a Bridging Model for
%Parallel Computation? // Theory of Computing Systems. 1999. Vol. 32, No. 3. P. 327-359.
%DOI: 10.1007/s002240000121.
@ARTICLE{paper_QSM,
  author = {Gibbons, P. B. and Matias, Y.},
  title = {Can a Shared-Memory Model Serve as a Bridging Model for Parallel Computation?},
  journal = {Theory of Computing Systems},
  year = 1999,
  number = {32},
  volume = {3},
  pages = {327-359},
  doi = {10.1007/s002240000121}
}

%Aggarwal A., Chandra A.K., Snir M. On Communication Latency in PRAM Computations
%// Proceedings of the First Annual ACM Symposium on Parallel Algorithms and Architectures
%— SPAA’89. New York, New York, USA: ACM Press, 1989. P. 11–21.
%DOI:
%10.1145/72935.72937.
@INPROCEEDINGS{paper_LPRAM,
  author = {Aggarwal, A. and Chandra, A.K. and Snir M.},
  title = {On Communication Latency in PRAM Computations},
  booktitle = {Proceedings of the First Annual ACM Symposium on Parallel Algorithms
    and Architectures — SPAA’89},
  adress = {New York, USA},
  publisher = {ACM Press},
  pages = {11-21},
  year = 1989,
}

@ARTICLE{paper_BPRAM,
  author = {Aggarwal, A. and Chandra, A.K. and Snir M.},
  title = {Communication complexity of in PRAMs},
  journal = {Theoretical Computer Science},
  year = 1990,
}


%Mansour Y., Nisan N., Vishkin U. Trade-offs between Communication Throughput and
%Parallel Time // Journal of Complexity. Academic Press, 1999. Vol. 15, No. 1. P. 148-166.
%DOI: 10.1006/JCOM.1998.0498.
@ARTICLE{paper_PRAMm,
  author = {Mansour, Y. and Nisan, N. and Vishkin U.},
  title = {Trade-offs between Communication Throughput and Parallel Time},
  journal = {Journal of Complexity},
  publisher = {Academic Press},
  year = 1999,
  number = {15},
  volume = {1},
  pages = {148-166},
}


%Cole R., Zajicek O. The APRAM: Incorporating Asynchrony into the PRAM Model //
%Proceedings of the First Annual ACM Symposium on Parallel Algorithms and Architec-
%tures — SPAA’89. New York, New York, USA: ACM Press, 1989. P. 169–178.
%DOI:
%10.1145/72935.72954.
@INPROCEEDINGS{paper_APRAM,
  author = {Cole, R. and Zajicek, O.},
  title = {The APRAM: Incorporating Asynchrony into the PRAM Model},
  booktitle = {Proceedings of the First Annual ACM Symposium on Parallel Algorithms
    and Architectures -- SPAA’89},
  adress = {New York, USA},
  publisher = {ACM Press},
  pages = {169-178},
  year = 1989,
}


%Gibbons P.B. A More Practical PRAM Model // Proceedings of the First Annual ACM
%Symposium on Parallel Algorithms and Architectures — SPAA’89. New York, New York,
%USA: ACM Press, 1989. P. 158–168. DOI: 10.1145/72935.72953.
@INPROCEEDINGS{paper_PhasePRAM,
  author = {Gibbons, P.B.},
  title = {A More Practical PRAM Model},
  booktitle = {Proceedings of the First Annual ACM Symposium on Parallel Algorithms
    and Architectures -- SPAA’89},
  adress = {New York, USA},
  publisher = {ACM Press},
  pages = {158-168},
  year = 1989,
}


%Valiant L.G. General Purpose Parallel Architectures //
%Handbook of Theoretical Computer Science (Vol. A):
%Algorithms and Complexity. Elsevier, 1990. P. 943–971.
%DOI:
%10.1016/B978-0-444-88071-0.50023-0.

%de la Torre P., Kruskal C.P. Towards a Single Model of Efficient Computation in Real
%Parallel Machines // Future Generation Computer Systems. North-Holland, 1992. Vol. 8,
%No. 4. P. 395–408. DOI: 10.1016/0167-739X(92)90071-I.

%Heywood T., Ranka S.
%A Practical Hierarchical Model of Parallel Computation I. The model
%// Journal of Parallel and Distributed Computing. Academic Press, 1992. Vol. 16,
%No. 3. P. 212–232. DOI: 10.1016/0743-7315(92)90034-K.
@ARTICLE{paper_HPRAM,
  author = {Heywood, T. and  Ranka, S.},
  title = {A Practical Hierarchical Model of Parallel Computation I. The model},
  journal = {Journal of Parallel and Distributed Computing},
  publisher = {Academic Press},
  year = 1992,
  number = {3},
  volume = {16},
  pages = {212-232},
}

%Forsell M. A PRAM-NUMA Model of Computation for Addressing Low-TLP Workloads
%// International Journal of Networking and Computing. [Hiroshima University], 2011.
%Vol. 1, No. 1. P. 21–35.
@ARTICLE{paper_PRAM_NUMA,
  author = {Forsell, M.},
  title = {A PRAM-NUMA Model of Computation for Addressing Low-TLP Workloads},
  journal = {International Journal of Networking and Computing},
  publisher = {[Hiroshima University]},
  year = 2011,
  number = {1},
  volume = {1},
  pages = {21-35},
}

%Forsell M., Leppanen V. An Extended PRAM-NUMA Model of Computation for TCF
%Programming // International Journal of Networking and Computing. 2013. Vol. 3, No. 1.
%P. 98–115.
@ARTICLE{paper_ext_PRAM_NUMA,
  author = {Forsell, M. and Leppanen, V.},
  title = {An Extended PRAM-NUMA Model of Computation for TCF Programming},
  journal = {International Journal of Networking and Computing},
  publisher = {[Hiroshima University]},
  year = 2013,
  number = {1},
  volume = {3},
  pages = {98-115},
}

%%%%%%%%%%%%%%%%%%%%%%%%%%%%%%%%%%%%%%%%%%%%%%%%%%%%%%%%%%%%%%%%%%%%%%%%%%%%%%%%%%%%%%%%

%Agha. Actors: A Model Of Concurrent Computation In
%Distributed Systems. Mit Press, Cambridge, Ma, Usa, 1986.
@Book{Agha86_Actors,
  Author = {Agha, G.},
  Title = {Actors: A Model Of Concurrent Computation In Distributed Systems},
  Address = {Cambridge, Ma, Usa},
  Publisher = {Mit Press},
  Year = 1986,
}
%Actors
%Rajesh K. Karmani, Gul Agha
%Open Systems Laboratory
%Department Of Computer Science
%University Of Illinois At Urbana-Champaign

%Multithreading: A Revisionist View
%Of Dataflow Architectures
% G.M. Papadopoulos, K.R. Traub
%In Proceedings Of The 18th Annual International Symposium On
%Computer Architecture, Toronto, Canada, May 1991. Also Published
%As Motorola Technical Report Mcrc-Tr 10
@Inproceedings{paper_dataflow1,
  Author = {Papadopoulos,G.M. And Traub,  K.R.},
  Title = {Multithreading: A Revisionist View
    Of Dataflow Architectures},
  Booktitle = {Proceedings Of The 18th Annual International Symposium On
    Computer Architecture},
  Adress = {Toronto, Canada},
  Year = 1991,
}

@Article{paper_Kung_Systolic,
  Author = {Kung, H. T.},
  Title = {Why Systolic Architectures?},
  Journal = {IEEE computers},
  YEAR = 1982,
  Number = {15(1)},
  Pages = {37 -- 46},
}


%%
%scheduling
%%

@article{paper_periodic_process_scheduling,
author = {Bocewicz, Grzegorz and Banaszak, Zbigniew A.},
year = {2013},
pages = {},
title = {Declarative approach to cyclic steady state space refinement:
  Periodic process scheduling},
journal = {International Journal of Advanced Manufacturing Technology},
}


@article{paper_generic_alg_scheduling_om_multi_core,
author = {Mommesin, Clemment and Amaris Gonzalez, Marcos and Lucarelli, Giorgio and Trystram, Denis},
year = {2016},
pages = {},
title = {Generic algorithms for scheduling applications on hybrid multi-core machines},
doi = {10.13140/RG.2.2.24134.68161}
}


% эта не скачана
@article{paper_Blaz_schedul_GPU,
author = {Blazewicz, Jacek and Kedad-Sidhoum, Safia and Monna, Florence and Mouni , Gr gory and Trystram, Denis},
year = {2015},
pages = {},
title = {A study of scheduling problems with preemptions on multi-core computers with GPU accelerators},
volume = {196},
journal = {Discrete Applied Mathematics},
doi = {10.1016/j.dam.2015.04.009}
}




%%%%%%%%%%%%%%%%%%%%%%%%%%%%%%%%%%%%%%%%%%%%%%%%%%%%%%%%%%%%%%%%%%%%%%%%%%%%%%%%%%%%%%%%%%
%%%%%%%%%%%%%%%%%%%%%%%%%%%%%%%%%%%%%%%%%%%%%%%%%%%%%%%%%%%%%%%%%%%%%%%%%%%%%%%%%%%%%%%%%%
%%%%%%%%%%%%%%%%%%%%%%%%%%%%%%%%%%%%%%%%%%%%%%%%%%%%%%%%%%%%%%%%%%%%%%%%%%%%%%%%%%%%%%%%%%

%%%%%%%%%%%%%%%%%%%%%%%%%%%%%%%%%%%%%%%%%%%%%%%%%%%%%%%
%Про Библиотеку Eml
%Ишин П. А., Логинов В. Е., Васильев П. П. 
%Ускорение Вычислений С Использованием Высокопроизводительных 
%Математических И Мультимедийных Функций // 
%Вестник Воздушнокосмической Обороны. — 2015. — No 4(8). — С. 64—68. 
%— Url: Http://Www.Mcst.Ru/Files/52f220/590cd8/50136e/000004/Ishin-Loginov-
%Vasilev-Uskorenie_Vychisleniy_S_Ispolzovaniem_Vysokoproizvoditelnyh
%_Matematicheskih_I_Multimediynyh_Bibliotek_Dlya_Arhitektury
%_Elbrus.Pdf (Дата Обращения: 19.07.2017).
%%%%%%%%%%%%%%%%%%%%%%%%%%%%%%%%%%%%%%%%%%%%%%%%%%%%%%%

%Двухъядерная Гетеронная Система На Кристалле <<Эльбрус-2С+>> / 
%М. В. Исаев [И Др.] // Вопросы Радиоэлектроники. Сер. Эвт. — 2012. — No 3. —
%С. 42—52. — Url: Http://Www.Mcst.Ru/Dvukhyadernaya-Geterogennaya-
%Sistema-Na-Kristalle-Elbrus2s (Дата Обращения: 19.07.2017).
@Article{paper_Isaev_Elbrus2c,
  Author = {Исаев, М. В.},
  Title = {Двухъядерная гетеронная система на кристалле <<Эльбрус-2С+>>},
  Journal = {Вопросы Радиоэлектроники},
  Year = 2012,
  Number = {3},
  Pages = {42 - 52},
  Language = {Russian},
}

@Book{doc_Elbrus8c,
  Title = {Новый 8-ядерный микропроцессор Эльбрус-8С},
  Organization = {АО «МЦСТ»},
  Address = {М.},
  Year = 2017,
  Url = {Http://Www.Mcst.Ru/Novyj-8yadernyj-Mikroprocessor-Elbrus-8c (Access Date: 27.08.2019)},
  Language = {Russian}
}

%%%%%%%%%%%%%%%%%%%%%%%%%%%%%%%%%%%%%%%%%%%%%%%%%%%%%%%
%% Inproceedings %%
%%%%%%%%%%%%%%%%%%%%%%%%%%%%%%%%%%%%%%%%%%%%%%%%%%%%%%%

@Inproceedings{paper_HCT,
    Author = {Болдарев, А. С. And Бахтин, В. А. And Притула, М. Н. And Захаров, Д. А.},
    Title = {Программирование для высокопроизводительных систем:
      универсальность против эффективности},
    Booktitle = {XIV International Seminar Mathematical Models. Modeling In Laser Plasma Processes
    Advanced Science Technologies (Lppm3-2016)},
    Publisher = {??},
    Pages = {??},
    Year = 2016,
    Language = {Russian},
}

@Inproceedings{paper_Uchta_SKT16,
  author = {Юхта, П. В. and Соколов, А. И.},
  title = {Особенности построения высокопроизводительных бортовых систем реального времени},
  booktitle = {Материалы 4-й Всероссийской Научно-Технической Конференции
    <<Суперкомпьютерные Технологии (СКТ-2016)>>},
  publisher = {Изд-во ЮФУ},
  address = {Ростов-на-Дону},
  volume = 2,
  pages = {115-120},
  year = 2016,
  language = {russian},
}

@Inproceedings{paper_SKT12,
  author = {Машошин, А. И. and Шафранюк, А. В. and Соколов, А. И. and Юхта, П. В.},
  title = {Особенности построения спецвычислителя для гидроакустических систем},
  booktitle = {Материалы 2-й Всероссийской Научно-Технической Конференции
    <<Суперкомпьютерные Технологии (СКТ-2012) >>},
  publisher = {Изд-во ЮФУ},
  address = {Таганрог},
  pages = {240-247},
  year = 2012,
  language = {russian},
  }

%%%%%%%%%%%%%%%%%%%%%%%%%%%%%%%%%%%%%%%%%%%%%%%%%%%%%%%
%% Phdthesis %%
%%%%%%%%%%%%%%%%%%%%%%%%%%%%%%%%%%%%%%%%%%%%%%%%%%%%%%%
@Phdthesis{disser_Sudareva,
  Author = {Сударева, О. Ю.},
  Title = {Встречная оптимизация класса задач
    трёхмерного моделирования для
    архитектур многоядерных процессоров
  },
  Type = {Дис \Ldots\ Канд. Техн. Наук: 05.13.11},
  Address ={М.},
  Year = 2018,
  Numpages = {175},
  Language = {russian}
}

@Phdthesis{disser_Tiskin,
  Author = {Tiskin, A.},
  Title = {The Design And Analysis Of Bulk-Synchronous Parallel Algorithms},
  Type = {Phd Thesis},
  Address ={??},
  Year = {1998},
  Numpages = {109}
}

%%%%%%%%%%%%%%%%%%%%%%%%%%%%%%%%%%%%%%%%%%%%%%%%%%%%%%%
%% Documentation %%
%%%%%%%%%%%%%%%%%%%%%%%%%%%%%%%%%%%%%%%%%%%%%%%%%%%%%%%

@Book{doc_libdsp_K128,
  Title = {Программа
    библиотека цифровой обработки сигналов
    (БЦОС). Справочник по функциям с интерфейсом cp2m
    программы БЦОС.
    ЮКСУ.90973-01 90 01},
  Organization = {НИИСИ РАН},
  Address = {М.},
  Year = 2014,
  Numpages = 62,
  Language = {russian}
}



%Микросхема Интегральная 1890Вм7Я (Комдив128-Рио). Указания По
%Применению. Юксу.431281.104Д4 / Нииси Ран. — Москва, 2009. —
%371 С.
@Book{doc_K128_7,
  Title = {Микросхема интегральная 1890ВМ7Я. 
    Указания по применению,\\
    ЮКСУ.431281.104Д4},
  Organization = {НИИСИ РАН},
  Address = {М.},
  Year = 2014,
  Numpages = 371,
  Language = {russian}
}

%Микросхема Интегральная 1890Вм8Я. Указания По Применению. Юк-
%Су.431281.107Д4 / Нииси Ран. — Москва, 2016.
@Book{doc_K128_9,
  Title = {Микросхема интегральная 1890ВМ8Я. 
    Указания по применению,\\
    ЮКСУ.431281.107Д4},
  Organization = {НИИСИ РАН},
  Address = {М.},
  Year = 2016,
  Language = {russian}
}

%Tigersharc Embedded Processor Adsp-Ts201s / 
%Analog Devices. — 2006. — Url: Http://Www.Analog.Com/Media/En/Technical-
%Documentation/Data-Sheets/Adsp Ts201s.Pdf (Access Date: 24.07.2017).
@Book{doc_TS201,
  Title = {Adsp-Ts201 Tigersharc Processor
    Hardware Reference},
  Organization = {Analog Devices, Inc.},
  Year = 2005,
  Numpages = ??,
}

@Book{Doc_Milandr,
  Title = {Спецификация 1967Вц2Ф},
  Organization = {Ао <<Пкк <<Миландр>>},
  Address = {М.},
  Year = 2015,
  Language = {Russian}
}

%Tms320c66x Multicore Dsps For
%High-Performance Computing / Texas Instruments,
%Inc. — 2011.
%— Url:
%Http://Www.Farnell.Com/Datasheets/1737036.Pdf (Access Date: 21.09.2017).
@Book{Doc_Tms_C66,
  Title = {Tms320c66x Multicore Dsps For High-Performance Computing},
  Organization = {Texas Instruments, Inc.},
  Year = 2011,
}

@Book{Doc_Libdsp_Ts201,
  Title = {Visualdsp++ 5.0
    C/C++ Compiler And Library Manual
    For Tigersharc Processors},
  Organization = {Analog Devices, Inc.},
  Year = 2008,
  Numpages = ??,
}



%%%%%%%%%%%%%%%%%%%%%%%%%%%%%%%%%%%%%%%%%%%%%%%%%%%%%%%
%%  Web Resources%%
%%  Misk %%
%%%%%%%%%%%%%%%%%%%%%%%%%%%%%%%%%%%%%%%%%%%%%%%%%%%%%%%
%\bibitem{doc_numpy}
%NumPy Reference
%Release 1.15.0
%July 24, 2018
@Misc{doc_numpy,
    Title = {NumPy Reference. Release 1.15.0},
    Year = 2018,
    Url = {https://docs.scipy.org/doc/numpy-1.15.0/numpy-ref-1.15.0.pdf
      (Access Date: 01.06.2019)}
}

%\bibitem{doc_scipy}
%SciPy Reference Guide.
%Release 1.2.1
%February 10, 2019
@Misc{doc_scipy,
    Title = {SciPy Reference Guide. Release 1.2.1},
    Year = 2019,
    Url = {https://docs.scipy.org/doc/scipy-1.2.1/reference
      (Access Date: 01.06.2019)}
}

%Matplotlib
%Release 2.3.2
%August 11, 2018
@Misc{doc_matplotlib,
  Title = {Matplotlib. Release 2.3.2},
  Year = 2018,
  Url = {https://matplotlib.org/2.2.3/api/
    (Access Date: 01.06.2019)}
}




@Misc{Rapidio_Tech_Comparison,
    Author = {Fuller, S.},
    Title = {The Opportunity For Sub Microsecond Interconnects For Processor Connectivity},
    Year = 2019,
    Url = {Http://Www.Rapidio.Org/Technology-Comparisons/ (Access Date: 20.08.2019)}
}

@Misc{Rapidio_Roadmap,
    Title = {Rapidio Roadmap},
    Year = 2019,
    Url = {Http://Www.Rapidio.Org/Rapidio-Roadmap/ (Access Date: 20.08.2019)}
}

@Misc{10gige_Infiniband_Comparison,
    Title = {Interconnect Analysis: 10gige And Infiniband In High Performance
      Computing},
    Howpublished = {Hpc Advisory Council},
    Year = 2009,
    Url = {Http://Www.Hpcadvisorycouncil.Com/Pdf/Ib And 10gige In Hpc.Pdf (Access Date: 20.08.2019)}
}

%Kumar M. Comparing Ti’S Tms320c6671 Dsp 
%With Adi’S Adspts201s Tigersharc(R) 
%Processor (Texas Instruments White Paper). —
%2012. — Url: Http://Www.Ti.Com/Lit/Wp/Sprabn8a/Sprabn8a.Pdf 
%(Access Date: 21.09.2017).
@Misc{Paper_Kumar_Tms_Ts201,
  Author = {Kumar, M.},
  Title = {Comparing Ti’S Tms320c6671 Dsp With Adi’S Adspts201s Tigersharc Processor},
  Howpublished = {Texas Instruments White Paper},
  Year = 2012,
  Url = { Http://Www.Ti.Com/Lit/Wp/Sprabn8a/Sprabn8a.Pdf (Access Date: 20.08.2019)}
}


%%%%%%%%%%%%%%%%%%%%%%%%%%%%%%%%%%%%%%%%%%%%%%%%%%%%%%%%%%%%%%%%%%%%%%%%%%%%%%%%%
% Материалы BDTI
%%%%%%%%%%%%%%%%%%%%%%%%%%%%%%%%%%%%%%%%%%%%%%%%%%%%%%%%%%%%%%%%%%%%%%%%%%%%%%%%%
@Misc{paper_BDTI_choosing,
  Title = {Choosing a DSP Processor},
  Howpublished = {Berkeley Design Technology, Inc},
  Year = 2000,
  Url = {http://www.bdti.com/bdti-publications-and-presentations (access date: 20.08.2019)},
}

%Dsps Adapt To New Challenges
%A White Paper
%By Berkeley Design Technology, Inc.
%Www.Bdti.Com
%February 2003
@Misc{paper_BDTI_DSPs_new_challenges,
  Title = {DSPs Adapt to New Challenges},
  Howpublished = {A White Paper By Berkeley Design Technology, Inc},
  Year = 2003,
  Url = {http://www.bdti.com/bdti-publications-and-presentations (Access Date: 20.08.2019)},
}


@Misc{paper_BDTI_DSP_evolution,
  author = {Eyre, J. and  Bier, J.},
  title = {The Evolution of DSP Processors},
  Howpublished = {A White Paper By Berkeley Design Technology, Inc},
  year = 2006,
  Url = { http://www.bdti.com/bdti-publications-and-presentations (Access Date: 20.08.2019)}
}


%%%%%%%%%%%%%%%%%%%%%%%%%%%%%%%%%%%%%%%%%%%%%%%%%%%%%%%%%%%%%%%%%%%%%%%%%%%%%
% Русскоязычные обзоры DSP
%%%%%%%%%%%%%%%%%%%%%%%%%%%%%%%%%%%%%%%%%%%%%%%%%%%%%%%%%%%%%%%%%%%%%%%%%%%%%

%Алексей Пантелейчук, Инженер, Ооо <<Компэл>>
%Основы Выбора Цифровых Сигнальных Процессоров
%Статья Опубликована В Журнале <<Электронные Компоненты>> N6 2006
%{www.gaw.ru/html.cgi/txt/publ/micros/dsp_ti.htm (Access Date: 20.08.2019)}

@ARTICLE{paper_choosing_DSP_Panteleychuk,
  author = {Пантелейчук, А.},
  title = {Основы выбора цифровых сигнальных процессоров},
  journal = {<<Электронные Компоненты>>},
  year = 2006,
  number = {6},
  language = {russian},
  url = {www.gaw.ru/html.cgi/txt/publ/micros/dsp_ti.htm (Access Date: 20.08.2019)}
}

@Misc{paper_DSP_survey_el_comp,
  title = {Обзор DSP-процессоров},
  language = {russian},
  Url = {https://russianelectronics.ru/obzor-dsp-proczessorov-2/ (access date: 07.05.2020)},
}


%%%%%%%%%%%%%%%%%%%%%%%%%%%%%%%%%%%%%%%%%%%%%%%%%%%%%%%%%%%%%%%%%%%%%%%%%%%%%
% Имитатор 
%%%%%%%%%%%%%%%%%%%%%%%%%%%%%%%%%%%%%%%%%%%%%%%%%%%%%%%%%%%%%%%%%%%%%%%%%%%%%


%\bibitem{Lozhkin_GA2006}
%Ложкин~Д.~В. Имитатор динамически меняющейся помехо-сигнальной обстановки 
%для активно-пассивной гидроакустической станции с гибкой протяженной буксируемой антенной 
%// Сборник трудов восьмой международной конференции 
%<<Прикладные технологии гидроакустики и гидрофизики>>, СПб.: <<Наука>>, 2006.
%C.~140--143.
@INPROCEEDINGS{paper_Lozhkin_GA2006,
  author = {Ложкин, Д. В.},
  title = {Имитатор динамически меняющейся помехо-сигнальной обстановки
    для активно-пассивной гидроакустической станции
    с гибкой протяженной буксируемой антенной },
  booktitle = {Сборник трудов восьмой международной конференции 
    <<Прикладные технологии гидроакустики и гидрофизики>>},
  address = {СПб},
  publisher = {<<Наука>>},
  year = 2006,
  pages = {140-143},
  language = {russian},
}

%\bibitem{Sanvald_GA2008}
%Мальцева~Н.~В., Санвальд~Ю.~В., Селеджи~Г.~Ц.
%Встроенный многофункциональный имитатор входных воздействий для ЦВК ГАС 
%на базе вычислительного комплекса ВК-27
%// Труды девятой всероссийской конференции 
%<<Прикладные технологии гидроакустики и гидрофизики>>, СПб.: <<Наука>>, 2008. C.~287--290.
@INPROCEEDINGS{paper_Sanvald_GA2008,
  author = {Мальцева, Н. В. and Санвальд, Ю. В. and Селеджи, Г. Ц.},
  title = {Встроенный многофункциональный имитатор входных воздействий для ЦВК ГАС 
    на базе вычислительного комплекса ВК-27},
  booktitle = {Труды девятой всероссийской конференции  
    <<Прикладные технологии гидроакустики и гидрофизики>>},
  address = {СПб},
  publisher = {<<Наука>>},
  year = 2008,
  pages = {287-280},
  language = {russian},
}


%\bibitem{Shafr_2}
%Шафранюк Ю.~В. Имитатор сигналов на выходе приемных элементов пассивной 
%гидроакустической станции с гибкой протяженной буксируемой антенной 
%// Научно-технический вестник информационных технологий, механики и оптики, 
%вып. 4 (80). СПб.: 2012. С. 64--70.
@ARTICLE{paper_Shafr_2,
  author = {Шафранюк, Ю. В.},
  title = {Имитатор сигналов на выходе приемных элементов пассивной
    гидроакустической станции с гибкой протяженной буксируемой антенной },
  journal = {Научно-технический вестник информационных технологий, механики и оптики},
  year = 2012,
  number = {Вып. 4(80)},
  pages = {64-70},
  language = {russian},
}


%%%%%%%%%%%%%%%%%%%%
%\bibitem {GPBA_2}
%Андреев М. Я., Клюшин В. В., Охрименко С. Н., Белых В. Д.
%Гидроакустические станции с гибкими протяженными
%буксируемыми антеннами для ведения гидроакустической разведки
%и освещения подводной обстановки // Научно-технический сборник
%<<Гидроакустика>>, вып. 6. СПб.: <<Наука>>, 2006.
%C.~3--8.
@ARTICLE{paper_GPBA_2,
  author = {Андреев, М. Я. and Клюшин, В. В. and Охрименко, С. Н. and Белых, В. Д.},
  title = {Гидроакустические станции с гибкими протяженными
    буксируемыми антеннами для ведения гидроакустической разведки
    и освещения подводной обстановки},
  journal = {Науч. технич. сб. <<Гидроакустика>>},
  year = 2006,
  number = {Вып. 6},
  pages = {3-8},
  language = {russian},
}


%%%%%%%%%%%%%%%%%

@BOOK{book_Zhuk,
  author = {Жук, В. В.},
  title = {Методические указания к курсу
    <<Теория аппроксимации функций и ее приложения>>.
    Часть 2},
  publisher = {С.-Петербургский ун-т.},
  year = 1993,
  numpages = 41,
  language = {russian},
}

@ARTICLE{paper_Mas_recv,
  author = {Масальских, А. В.},
  title = {Параллельный алгоритм одного метода восстановления табличных данных},
  journal = {Известия Тульского государственного университета. Естественные науки},
  year = 2014,
  number = {3},
  pages = {167-177},
  language = {russian},
}


%%% Local Variables: 
%%% Mode: Latex
%%% Tex-Master: "thesis"
%%% End: 
